timestamp,x1_hour,x2_passenger_count,x3_vehicle_count,x4_weather_condition,x5_day_type,occupancy_rate,discount
2025-04-01 11:23:25,11,107,4,0,0,0.54,0.289
2025-04-01 11:28:25,11,111,5,0,0,0.44,0.317
2025-04-01 11:33:25,11,87,3,2,1,0.58,0.276
2025-04-01 11:38:25,11,104,3,1,0,0.69,0.242
2025-04-01 11:43:25,11,6,4,1,1,0.03,0.441
2025-04-01 11:48:25,11,6,4,0,0,0.03,0.441
2025-04-01 11:53:25,11,80,2,1,0,0.8,0.21
2025-04-01 11:58:25,11,112,1,0,0,2.24,-0.222
2025-04-01 12:03:25,12,63,2,2,1,0.63,0.261
2025-04-01 12:08:25,12,66,3,2,1,0.44,0.318
2025-04-01 12:13:25,12,68,1,2,0,1.36,0.042
2025-04-01 12:18:25,12,55,5,0,0,0.22,0.384
2025-04-01 12:23:25,12,22,4,0,1,0.11,0.417
2025-04-01 12:28:25,12,18,2,1,0,0.18,0.396
2025-04-01 12:33:25,12,94,5,1,1,0.38,0.337
2025-04-01 12:38:25,12,96,4,2,1,0.48,0.306
2025-04-01 12:43:25,12,12,3,1,0,0.08,0.426
2025-04-01 12:48:25,12,40,2,1,1,0.4,0.33
2025-04-01 12:53:25,12,10,2,1,0,0.1,0.42
2025-04-01 12:58:25,12,67,2,1,1,0.67,0.249
2025-04-01 13:03:25,13,38,2,1,1,0.38,0.336
2025-04-01 13:08:25,13,18,4,0,1,0.09,0.423
2025-04-01 13:13:25,13,44,5,0,1,0.18,0.397
2025-04-01 13:18:25,13,115,5,1,0,0.46,0.312
2025-04-01 13:23:25,13,64,4,0,0,0.32,0.354
2025-04-01 13:28:25,13,33,5,0,0,0.13,0.41
2025-04-01 13:33:25,13,75,1,0,1,1.5,0.0
2025-04-01 13:38:25,13,12,3,2,0,0.08,0.426
2025-04-01 13:43:25,13,12,3,2,0,0.08,0.426
2025-04-01 13:48:25,13,9,2,2,1,0.09,0.423
2025-04-01 13:53:25,13,45,4,2,0,0.23,0.382
2025-04-01 13:58:25,13,76,4,1,0,0.38,0.336
2025-04-01 14:03:25,14,52,5,2,1,0.21,0.388
2025-04-01 14:08:25,14,108,3,2,0,0.72,0.234
2025-04-01 14:13:25,14,103,5,2,1,0.41,0.326
2025-04-01 14:18:25,14,7,1,0,1,0.14,0.408
2025-04-01 14:23:25,14,18,3,0,0,0.12,0.414
2025-04-01 14:28:25,14,19,2,1,1,0.19,0.393
2025-04-01 14:33:25,14,81,3,2,1,0.54,0.288
2025-04-01 14:38:25,14,107,1,0,1,2.14,-0.192
2025-04-01 14:43:25,14,8,5,2,0,0.03,0.44
2025-04-01 14:48:25,14,113,3,0,1,0.75,0.224
2025-04-01 14:53:25,14,17,3,2,1,0.11,0.416
2025-04-01 14:58:25,14,32,2,1,0,0.32,0.354
2025-04-01 15:03:25,15,66,1,0,1,1.32,0.054
2025-04-01 15:08:25,15,32,4,1,1,0.16,0.402
2025-04-01 15:13:25,15,79,2,2,1,0.79,0.213
2025-04-01 15:18:25,15,93,1,0,0,1.86,-0.108
2025-04-01 15:23:25,15,31,1,0,0,0.62,0.264
2025-04-01 15:28:25,15,7,3,0,1,0.05,0.436
2025-04-01 15:33:25,15,41,1,2,1,0.82,0.204
2025-04-01 15:38:25,15,48,3,1,1,0.32,0.354
2025-04-01 15:43:25,15,100,1,0,1,2.0,-0.15
2025-04-01 15:48:25,15,117,2,1,0,1.17,0.099
2025-04-01 15:53:25,15,6,3,0,0,0.04,0.438
2025-04-01 15:58:25,15,117,1,2,0,2.34,-0.252
2025-04-01 16:03:25,16,6,2,1,0,0.06,0.332
2025-04-01 16:08:25,16,105,1,0,0,2.1,-0.28
2025-04-01 16:13:25,16,6,5,1,1,0.02,0.343
2025-04-01 16:18:25,16,74,4,2,0,0.37,0.239
2025-04-01 16:23:25,16,60,3,0,0,0.4,0.23
2025-04-01 16:28:25,16,42,5,1,1,0.17,0.3
2025-04-01 16:33:25,16,90,3,2,1,0.6,0.17
2025-04-01 16:38:25,16,20,1,0,1,0.4,0.23
2025-04-01 16:43:25,16,63,5,2,1,0.25,0.274
2025-04-01 16:48:25,16,63,4,2,1,0.32,0.256
2025-04-01 16:53:25,16,71,3,2,1,0.47,0.208
2025-04-01 16:58:25,16,109,1,2,1,2.18,-0.304
2025-04-01 17:03:25,17,108,1,2,1,2.16,-0.298
2025-04-01 17:08:25,17,61,1,1,0,1.22,-0.016
2025-04-01 17:13:25,17,35,2,2,0,0.35,0.245
2025-04-01 17:18:25,17,20,2,0,1,0.2,0.29
2025-04-01 17:23:25,17,64,1,1,0,1.28,-0.034
2025-04-01 17:28:25,17,52,4,0,0,0.26,0.272
2025-04-01 17:33:25,17,36,3,2,0,0.24,0.278
2025-04-01 17:38:25,17,109,3,2,1,0.73,0.132
2025-04-01 17:43:25,17,84,3,1,1,0.56,0.182
2025-04-01 17:48:25,17,37,4,2,0,0.18,0.294
2025-04-01 17:53:25,17,76,4,1,1,0.38,0.236
2025-04-01 17:58:25,17,88,3,1,0,0.59,0.174
2025-04-01 18:03:25,18,103,1,0,1,2.06,-0.268
2025-04-01 18:08:25,18,114,2,1,1,1.14,0.008
2025-04-01 18:13:25,18,39,5,0,1,0.16,0.303
2025-04-01 18:18:25,18,37,4,0,1,0.18,0.294
2025-04-01 18:23:25,18,25,4,2,0,0.12,0.312
2025-04-01 18:28:25,18,21,1,2,0,0.42,0.224
2025-04-01 18:33:25,18,90,5,2,1,0.36,0.242
2025-04-01 18:38:25,18,12,3,2,1,0.08,0.326
2025-04-01 18:43:25,18,25,1,2,1,0.5,0.2
2025-04-01 18:48:25,18,101,5,0,1,0.4,0.229
2025-04-01 18:53:25,18,23,4,2,1,0.12,0.316
2025-04-01 18:58:25,18,53,1,1,0,1.06,0.032
2025-04-01 19:03:25,19,50,5,1,0,0.2,0.29
2025-04-01 19:08:25,19,109,5,0,0,0.44,0.219
2025-04-01 19:13:25,19,50,5,2,0,0.2,0.29
2025-04-01 19:18:25,19,64,1,2,0,1.28,-0.034
2025-04-01 19:23:25,19,89,1,2,1,1.78,-0.184
2025-04-01 19:28:25,19,22,1,1,0,0.44,0.218
2025-04-01 19:33:25,19,58,2,2,1,0.58,0.176
2025-04-01 19:38:25,19,50,2,2,1,0.5,0.2
2025-04-01 19:43:25,19,27,2,2,0,0.27,0.269
2025-04-01 19:48:25,19,110,2,1,0,1.1,0.02
2025-04-01 19:53:25,19,108,1,0,0,2.16,-0.298
2025-04-01 19:58:25,19,52,5,1,0,0.21,0.288
2025-04-01 20:03:25,20,30,3,1,0,0.2,0.29
2025-04-01 20:08:25,20,28,5,1,0,0.11,0.316
2025-04-01 20:13:25,20,61,4,0,1,0.3,0.259
2025-04-01 20:18:25,20,69,4,2,0,0.34,0.246
2025-04-01 20:23:25,20,19,4,1,1,0.1,0.322
2025-04-01 20:28:25,20,36,3,0,1,0.24,0.278
2025-04-01 20:33:25,20,67,5,1,1,0.27,0.27
2025-04-01 20:38:25,20,62,1,1,1,1.24,-0.022
2025-04-01 20:43:25,20,19,3,0,0,0.13,0.312
2025-04-01 20:48:25,20,12,5,0,0,0.05,0.336
2025-04-01 20:53:25,20,72,5,1,0,0.29,0.264
2025-04-01 20:58:25,20,103,4,0,1,0.52,0.196
2025-04-01 21:03:25,21,110,3,0,1,0.73,0.13
2025-04-01 21:08:25,21,67,3,1,0,0.45,0.216
2025-04-01 21:13:25,21,94,5,1,0,0.38,0.237
2025-04-01 21:18:25,21,66,1,0,0,1.32,-0.046
2025-04-01 21:23:25,21,62,2,0,0,0.62,0.164
2025-04-01 21:28:25,21,38,1,0,0,0.76,0.122
2025-04-01 21:33:25,21,5,5,2,1,0.02,0.344
2025-04-01 21:38:25,21,67,5,1,0,0.27,0.27
2025-04-01 21:43:25,21,71,4,1,1,0.35,0.243
2025-04-01 21:48:25,21,55,5,1,0,0.22,0.284
2025-04-01 21:53:25,21,33,4,0,0,0.17,0.3
2025-04-01 21:58:25,21,117,4,0,1,0.58,0.174
2025-04-01 22:03:25,22,20,2,1,1,0.2,0.29
2025-04-01 22:08:25,22,89,4,0,1,0.45,0.216
2025-04-01 22:13:25,22,98,5,2,1,0.39,0.232
2025-04-01 22:18:25,22,14,5,1,1,0.06,0.333
2025-04-01 22:23:25,22,99,2,1,0,0.99,0.053
2025-04-01 22:28:25,22,62,1,0,0,1.24,-0.022
2025-04-01 22:33:25,22,8,2,0,1,0.08,0.326
2025-04-01 22:38:25,22,36,3,1,0,0.24,0.278
2025-04-01 22:43:25,22,37,1,0,0,0.74,0.128
2025-04-01 22:48:25,22,47,5,2,0,0.19,0.294
2025-04-01 22:53:25,22,37,2,2,1,0.37,0.239
2025-04-01 22:58:25,22,33,5,2,1,0.13,0.31
2025-04-01 23:03:25,23,6,5,2,1,0.02,0.343
2025-04-01 23:08:25,23,39,1,1,1,0.78,0.116
2025-04-01 23:13:25,23,97,2,1,1,0.97,0.059
2025-04-01 23:18:25,23,38,3,0,0,0.25,0.274
2025-04-01 23:23:25,23,72,2,0,1,0.72,0.134
2025-04-01 23:28:25,23,113,3,0,1,0.75,0.124
2025-04-01 23:33:25,23,40,1,0,0,0.8,0.11
2025-04-01 23:38:25,23,40,2,0,0,0.4,0.23
2025-04-01 23:43:25,23,28,3,0,0,0.19,0.294
2025-04-01 23:48:25,23,116,4,1,0,0.58,0.176
2025-04-01 23:53:25,23,107,5,0,0,0.43,0.222
2025-04-01 23:58:25,23,17,1,2,0,0.34,0.248
2025-04-02 00:03:25,0,34,1,0,1,0.68,0.146
2025-04-02 00:08:25,0,88,1,1,0,1.76,-0.178
2025-04-02 00:13:25,0,63,3,0,1,0.42,0.224
2025-04-02 00:18:25,0,16,5,0,0,0.06,0.331
2025-04-02 00:23:25,0,80,1,2,1,1.6,-0.13
2025-04-02 00:28:25,0,82,4,2,1,0.41,0.227
2025-04-02 00:33:25,0,115,5,0,0,0.46,0.212
2025-04-02 00:38:25,0,16,1,2,0,0.32,0.254
2025-04-02 00:43:25,0,104,5,2,1,0.42,0.225
2025-04-02 00:48:25,0,61,5,0,1,0.24,0.277
2025-04-02 00:53:25,0,62,2,0,0,0.62,0.164
2025-04-02 00:58:25,0,91,5,2,0,0.36,0.241
2025-04-02 01:03:25,1,22,4,0,1,0.11,0.317
2025-04-02 01:08:25,1,62,4,0,0,0.31,0.257
2025-04-02 01:13:25,1,106,5,1,0,0.42,0.223
2025-04-02 01:18:25,1,54,3,1,1,0.36,0.242
2025-04-02 01:23:25,1,9,5,0,1,0.04,0.339
2025-04-02 01:28:25,1,87,5,0,1,0.35,0.246
2025-04-02 01:33:25,1,21,1,0,1,0.42,0.224
2025-04-02 01:38:25,1,40,4,2,0,0.2,0.29
2025-04-02 01:43:25,1,65,4,1,0,0.33,0.253
2025-04-02 01:48:25,1,95,2,1,0,0.95,0.065
2025-04-02 01:53:25,1,43,3,0,0,0.29,0.264
2025-04-02 01:58:25,1,118,4,1,1,0.59,0.173
2025-04-02 02:03:25,2,24,4,0,0,0.12,0.314
2025-04-02 02:08:25,2,109,1,2,0,2.18,-0.304
2025-04-02 02:13:25,2,96,1,2,1,1.92,-0.226
2025-04-02 02:18:25,2,117,1,0,1,2.34,-0.352
2025-04-02 02:23:25,2,10,2,0,1,0.1,0.32
2025-04-02 02:28:25,2,49,5,2,0,0.2,0.291
2025-04-02 02:33:25,2,84,5,2,1,0.34,0.249
2025-04-02 02:38:25,2,105,4,2,0,0.53,0.193
2025-04-02 02:43:25,2,24,1,1,0,0.48,0.206
2025-04-02 02:48:25,2,109,1,1,0,2.18,-0.304
2025-04-02 02:53:25,2,35,1,0,1,0.7,0.14
2025-04-02 02:58:25,2,7,1,2,1,0.14,0.308
2025-04-02 03:03:25,3,78,4,0,1,0.39,0.233
2025-04-02 03:08:25,3,96,4,1,1,0.48,0.206
2025-04-02 03:13:25,3,62,4,1,1,0.31,0.257
2025-04-02 03:18:25,3,96,5,0,1,0.38,0.235
2025-04-02 03:23:25,3,68,3,1,0,0.45,0.214
2025-04-02 03:28:25,3,21,1,0,0,0.42,0.224
2025-04-02 03:33:25,3,88,5,0,0,0.35,0.244
2025-04-02 03:38:25,3,50,3,0,1,0.33,0.25
2025-04-02 03:43:25,3,86,3,0,0,0.57,0.178
2025-04-02 03:48:25,3,29,2,1,1,0.29,0.263
2025-04-02 03:53:25,3,34,2,2,0,0.34,0.248
2025-04-02 03:58:25,3,9,1,1,0,0.18,0.296
2025-04-02 04:03:25,4,22,1,2,0,0.44,0.218
2025-04-02 04:08:25,4,30,1,1,0,0.6,0.17
2025-04-02 04:13:25,4,31,1,0,0,0.62,0.164
2025-04-02 04:18:25,4,102,1,2,0,2.04,-0.262
2025-04-02 04:23:25,4,5,5,2,1,0.02,0.344
2025-04-02 04:28:25,4,96,1,0,0,1.92,-0.226
2025-04-02 04:33:25,4,9,3,0,0,0.06,0.332
2025-04-02 04:38:25,4,105,5,0,1,0.42,0.224
2025-04-02 04:43:25,4,78,3,0,0,0.52,0.194
2025-04-02 04:48:25,4,82,1,1,0,1.64,-0.142
2025-04-02 04:53:25,4,55,5,0,1,0.22,0.284
2025-04-02 04:58:25,4,66,1,0,1,1.32,-0.046
2025-04-02 05:03:25,5,36,2,2,1,0.36,0.242
2025-04-02 05:08:25,5,43,2,1,1,0.43,0.221
2025-04-02 05:13:25,5,58,3,2,1,0.39,0.234
2025-04-02 05:18:25,5,16,1,1,1,0.32,0.254
2025-04-02 05:23:25,5,9,3,0,0,0.06,0.332
2025-04-02 05:28:25,5,116,5,0,1,0.46,0.211
2025-04-02 05:33:25,5,70,3,2,0,0.47,0.21
2025-04-02 05:38:25,5,42,4,1,1,0.21,0.287
2025-04-02 05:43:25,5,54,2,1,1,0.54,0.188
2025-04-02 05:48:25,5,83,3,2,0,0.55,0.184
2025-04-02 05:53:25,5,102,4,0,1,0.51,0.197
2025-04-02 05:58:25,5,101,4,1,0,0.51,0.199
2025-04-02 06:03:25,6,110,3,0,0,0.73,0.13
2025-04-02 06:08:25,6,33,4,1,1,0.17,0.3
2025-04-02 06:13:25,6,21,2,0,1,0.21,0.287
2025-04-02 06:18:25,6,88,5,1,1,0.35,0.244
2025-04-02 06:23:25,6,57,2,0,1,0.57,0.179
2025-04-02 06:28:25,6,111,3,2,0,0.74,0.128
2025-04-02 06:33:25,6,115,1,2,0,2.3,-0.34
2025-04-02 06:38:25,6,84,3,1,1,0.56,0.182
2025-04-02 06:43:25,6,12,4,0,0,0.06,0.332
2025-04-02 06:48:25,6,100,3,2,0,0.67,0.15
2025-04-02 06:53:25,6,36,2,0,1,0.36,0.242
2025-04-02 06:58:25,6,55,3,0,0,0.37,0.24
2025-04-02 07:03:25,7,86,4,1,0,0.43,0.221
2025-04-02 07:08:25,7,26,5,1,0,0.1,0.319
2025-04-02 07:13:25,7,9,1,1,1,0.18,0.296
2025-04-02 07:18:25,7,38,1,1,1,0.76,0.122
2025-04-02 07:23:25,7,49,3,0,1,0.33,0.252
2025-04-02 07:28:25,7,51,1,1,0,1.02,0.044
2025-04-02 07:33:25,7,60,3,2,1,0.4,0.23
2025-04-02 07:38:25,7,65,1,1,1,1.3,-0.04
2025-04-02 07:43:25,7,5,1,2,0,0.1,0.32
2025-04-02 07:48:25,7,56,2,2,1,0.56,0.182
2025-04-02 07:53:25,7,92,2,0,1,0.92,0.074
2025-04-02 07:58:25,7,18,3,2,0,0.12,0.314
2025-04-02 08:03:25,8,7,3,2,1,0.05,0.336
2025-04-02 08:08:25,8,113,2,1,1,1.13,0.011
2025-04-02 08:13:25,8,103,3,2,1,0.69,0.144
2025-04-02 08:18:25,8,93,5,1,0,0.37,0.238
2025-04-02 08:23:25,8,61,1,2,1,1.22,-0.016
2025-04-02 08:28:25,8,94,4,0,0,0.47,0.209
2025-04-02 08:33:25,8,17,4,0,1,0.09,0.325
2025-04-02 08:38:25,8,14,3,0,0,0.09,0.322
2025-04-02 08:43:25,8,22,4,2,1,0.11,0.317
2025-04-02 08:48:25,8,38,1,2,1,0.76,0.122
2025-04-02 08:53:25,8,45,5,1,1,0.18,0.296
2025-04-02 08:58:25,8,30,2,2,1,0.3,0.26
2025-04-02 09:03:25,9,63,5,1,0,0.25,0.274
2025-04-02 09:08:25,9,37,5,1,0,0.15,0.306
2025-04-02 09:13:25,9,74,4,1,0,0.37,0.239
2025-04-02 09:18:25,9,66,1,2,0,1.32,-0.046
2025-04-02 09:23:25,9,119,5,2,1,0.48,0.207
2025-04-02 09:28:25,9,70,4,2,1,0.35,0.245
2025-04-02 09:33:25,9,83,1,1,1,1.66,-0.148
2025-04-02 09:38:25,9,106,3,1,0,0.71,0.138
2025-04-02 09:43:25,9,70,3,1,0,0.47,0.21
2025-04-02 09:48:25,9,49,4,0,1,0.24,0.276
2025-04-02 09:53:25,9,30,4,2,1,0.15,0.305
2025-04-02 09:58:25,9,101,4,0,1,0.51,0.199
2025-04-02 10:03:25,10,51,1,1,1,1.02,0.144
2025-04-02 10:08:25,10,68,5,1,0,0.27,0.368
2025-04-02 10:13:25,10,104,5,2,0,0.42,0.325
2025-04-02 10:18:25,10,37,2,1,0,0.37,0.339
2025-04-02 10:23:25,10,27,2,1,0,0.27,0.369
2025-04-02 10:28:25,10,44,2,0,0,0.44,0.318
2025-04-02 10:33:25,10,105,1,0,0,2.1,-0.18
2025-04-02 10:38:25,10,79,3,1,0,0.53,0.292
2025-04-02 10:43:25,10,53,5,1,1,0.21,0.386
2025-04-02 10:48:25,10,112,2,1,0,1.12,0.114
2025-04-02 10:53:25,10,79,1,1,1,1.58,-0.024
2025-04-02 10:58:25,10,103,3,0,1,0.69,0.244
2025-04-02 11:03:25,11,68,4,0,1,0.34,0.348
2025-04-02 11:08:25,11,15,1,0,1,0.3,0.36
2025-04-02 11:13:25,11,64,3,0,0,0.43,0.322
2025-04-02 11:18:25,11,9,3,2,1,0.06,0.432
2025-04-02 11:23:25,11,30,4,0,0,0.15,0.405
2025-04-02 11:28:25,11,46,1,1,1,0.92,0.174
2025-04-02 11:33:25,11,76,3,0,1,0.51,0.298
2025-04-02 11:38:25,11,101,1,0,0,2.02,-0.156
2025-04-02 11:43:25,11,101,2,1,0,1.01,0.147
2025-04-02 11:48:25,11,108,3,2,0,0.72,0.234
2025-04-02 11:53:25,11,74,3,2,0,0.49,0.302
2025-04-02 11:58:25,11,76,2,2,0,0.76,0.222
2025-04-02 12:03:25,12,33,1,1,0,0.66,0.252
2025-04-02 12:08:25,12,31,4,0,1,0.15,0.403
2025-04-02 12:13:25,12,61,1,0,0,1.22,0.084
2025-04-02 12:18:25,12,31,1,1,1,0.62,0.264
2025-04-02 12:23:25,12,90,2,1,0,0.9,0.18
2025-04-02 12:28:25,12,78,1,1,1,1.56,-0.018
2025-04-02 12:33:25,12,17,4,0,1,0.09,0.424
2025-04-02 12:38:25,12,56,5,0,0,0.22,0.383
2025-04-02 12:43:25,12,51,4,0,1,0.26,0.373
2025-04-02 12:48:25,12,31,3,2,1,0.21,0.388
2025-04-02 12:53:25,12,40,2,2,0,0.4,0.33
2025-04-02 12:58:25,12,73,4,2,1,0.36,0.341
2025-04-02 13:03:25,13,78,2,1,0,0.78,0.216
2025-04-02 13:08:25,13,16,2,0,1,0.16,0.402
2025-04-02 13:13:25,13,66,2,0,0,0.66,0.252
2025-04-02 13:18:25,13,115,4,2,1,0.57,0.277
2025-04-02 13:23:25,13,112,4,0,1,0.56,0.282
2025-04-02 13:28:25,13,41,2,0,1,0.41,0.327
2025-04-02 13:33:25,13,35,2,0,1,0.35,0.345
2025-04-02 13:38:25,13,55,5,1,1,0.22,0.384
2025-04-02 13:43:25,13,45,3,2,0,0.3,0.36
2025-04-02 13:48:25,13,50,5,0,1,0.2,0.39
2025-04-02 13:53:25,13,114,4,1,0,0.57,0.279
2025-04-02 13:58:25,13,61,1,2,1,1.22,0.084
2025-04-02 14:03:25,14,59,3,2,0,0.39,0.332
2025-04-02 14:08:25,14,51,1,0,0,1.02,0.144
2025-04-02 14:13:25,14,78,4,0,0,0.39,0.333
2025-04-02 14:18:25,14,30,1,2,0,0.6,0.27
2025-04-02 14:23:25,14,29,2,2,1,0.29,0.363
2025-04-02 14:28:25,14,6,2,2,1,0.06,0.432
2025-04-02 14:33:25,14,95,1,2,0,1.9,-0.12
2025-04-02 14:38:25,14,112,3,2,1,0.75,0.226
2025-04-02 14:43:25,14,28,1,2,1,0.56,0.282
2025-04-02 14:48:25,14,74,5,0,0,0.3,0.361
2025-04-02 14:53:25,14,33,3,1,1,0.22,0.384
2025-04-02 14:58:25,14,32,2,0,0,0.32,0.354
2025-04-02 15:03:25,15,75,1,0,0,1.5,0.0
2025-04-02 15:08:25,15,24,4,2,0,0.12,0.414
2025-04-02 15:13:25,15,108,1,2,0,2.16,-0.198
2025-04-02 15:18:25,15,100,5,1,0,0.4,0.33
2025-04-02 15:23:25,15,55,3,2,1,0.37,0.34
2025-04-02 15:28:25,15,36,5,0,0,0.14,0.407
2025-04-02 15:33:25,15,97,3,1,0,0.65,0.256
2025-04-02 15:38:25,15,82,3,2,1,0.55,0.286
2025-04-02 15:43:25,15,70,4,0,1,0.35,0.345
2025-04-02 15:48:25,15,98,3,2,1,0.65,0.254
2025-04-02 15:53:25,15,5,5,2,0,0.02,0.444
2025-04-02 15:58:25,15,7,2,1,0,0.07,0.429
2025-04-02 16:03:25,16,114,2,0,0,1.14,0.008
2025-04-02 16:08:25,16,59,4,1,0,0.29,0.262
2025-04-02 16:13:25,16,97,1,0,0,1.94,-0.232
2025-04-02 16:18:25,16,71,3,2,0,0.47,0.208
2025-04-02 16:23:25,16,76,1,2,0,1.52,-0.106
2025-04-02 16:28:25,16,71,3,0,1,0.47,0.208
2025-04-02 16:33:25,16,115,2,2,1,1.15,0.005
2025-04-02 16:38:25,16,92,3,0,1,0.61,0.166
2025-04-02 16:43:25,16,89,2,2,1,0.89,0.083
2025-04-02 16:48:25,16,11,1,2,0,0.22,0.284
2025-04-02 16:53:25,16,23,5,2,1,0.09,0.322
2025-04-02 16:58:25,16,33,4,1,1,0.17,0.3
2025-04-02 17:03:25,17,5,5,2,1,0.02,0.344
2025-04-02 17:08:25,17,6,3,2,0,0.04,0.338
2025-04-02 17:13:25,17,16,4,0,0,0.08,0.326
2025-04-02 17:18:25,17,42,1,1,0,0.84,0.098
2025-04-02 17:23:25,17,48,3,1,1,0.32,0.254
2025-04-02 17:28:25,17,112,1,1,1,2.24,-0.322
2025-04-02 17:33:25,17,63,1,1,0,1.26,-0.028
2025-04-02 17:38:25,17,85,1,1,0,1.7,-0.16
2025-04-02 17:43:25,17,29,1,1,1,0.58,0.176
2025-04-02 17:48:25,17,111,4,1,1,0.56,0.183
2025-04-02 17:53:25,17,33,5,1,0,0.13,0.31
2025-04-02 17:58:25,17,41,3,1,1,0.27,0.268
2025-04-02 18:03:25,18,89,2,0,1,0.89,0.083
2025-04-02 18:08:25,18,38,1,0,0,0.76,0.122
2025-04-02 18:13:25,18,106,2,2,0,1.06,0.032
2025-04-02 18:18:25,18,110,5,2,0,0.44,0.218
2025-04-02 18:23:25,18,35,3,1,1,0.23,0.28
2025-04-02 18:28:25,18,113,1,0,0,2.26,-0.328
2025-04-02 18:33:25,18,14,5,0,1,0.06,0.333
2025-04-02 18:38:25,18,89,4,1,1,0.45,0.216
2025-04-02 18:43:25,18,50,2,1,0,0.5,0.2
2025-04-02 18:48:25,18,69,3,0,1,0.46,0.212
2025-04-02 18:53:25,18,119,2,0,0,1.19,-0.007
2025-04-02 18:58:25,18,15,3,0,0,0.1,0.32
2025-04-02 19:03:25,19,43,3,1,1,0.29,0.264
2025-04-02 19:08:25,19,59,5,0,1,0.24,0.279
2025-04-02 19:13:25,19,40,4,2,0,0.2,0.29
2025-04-02 19:18:25,19,111,1,1,0,2.22,-0.316
2025-04-02 19:23:25,19,113,3,1,0,0.75,0.124
2025-04-02 19:28:25,19,30,2,0,0,0.3,0.26
2025-04-02 19:33:25,19,77,1,0,0,1.54,-0.112
2025-04-02 19:38:25,19,65,3,1,0,0.43,0.22
2025-04-02 19:43:25,19,43,3,2,1,0.29,0.264
2025-04-02 19:48:25,19,105,4,2,1,0.53,0.193
2025-04-02 19:53:25,19,106,2,2,0,1.06,0.032
2025-04-02 19:58:25,19,48,3,2,0,0.32,0.254
2025-04-02 20:03:25,20,65,1,1,0,1.3,-0.04
2025-04-02 20:08:25,20,59,1,2,1,1.18,-0.004
2025-04-02 20:13:25,20,66,3,2,0,0.44,0.218
2025-04-02 20:18:25,20,85,5,1,1,0.34,0.248
2025-04-02 20:23:25,20,74,1,1,0,1.48,-0.094
2025-04-02 20:28:25,20,16,3,1,0,0.11,0.318
2025-04-02 20:33:25,20,113,2,2,1,1.13,0.011
2025-04-02 20:38:25,20,14,1,2,1,0.28,0.266
2025-04-02 20:43:25,20,89,2,2,1,0.89,0.083
2025-04-02 20:48:25,20,83,5,2,0,0.33,0.25
2025-04-02 20:53:25,20,119,2,2,0,1.19,-0.007
2025-04-02 20:58:25,20,97,2,2,1,0.97,0.059
2025-04-02 21:03:25,21,43,3,1,0,0.29,0.264
2025-04-02 21:08:25,21,110,1,1,0,2.2,-0.31
2025-04-02 21:13:25,21,28,3,0,1,0.19,0.294
2025-04-02 21:18:25,21,7,5,2,1,0.03,0.342
2025-04-02 21:23:25,21,94,4,2,0,0.47,0.209
2025-04-02 21:28:25,21,117,4,0,1,0.58,0.174
2025-04-02 21:33:25,21,29,5,1,0,0.12,0.315
2025-04-02 21:38:25,21,20,5,1,1,0.08,0.326
2025-04-02 21:43:25,21,70,3,1,1,0.47,0.21
2025-04-02 21:48:25,21,34,3,2,0,0.23,0.282
2025-04-02 21:53:25,21,17,2,2,0,0.17,0.299
2025-04-02 21:58:25,21,43,4,0,1,0.21,0.285
2025-04-02 22:03:25,22,117,5,1,0,0.47,0.21
2025-04-02 22:08:25,22,112,1,2,0,2.24,-0.322
2025-04-02 22:13:25,22,14,1,2,0,0.28,0.266
2025-04-02 22:18:25,22,88,5,0,1,0.35,0.244
2025-04-02 22:23:25,22,53,3,0,1,0.35,0.244
2025-04-02 22:28:25,22,34,2,1,1,0.34,0.248
2025-04-02 22:33:25,22,41,1,0,0,0.82,0.104
2025-04-02 22:38:25,22,114,1,2,0,2.28,-0.334
2025-04-02 22:43:25,22,92,4,2,1,0.46,0.212
2025-04-02 22:48:25,22,41,5,0,0,0.16,0.301
2025-04-02 22:53:25,22,74,3,1,0,0.49,0.202
2025-04-02 22:58:25,22,102,1,2,1,2.04,-0.262
2025-04-02 23:03:25,23,8,3,0,0,0.05,0.334
2025-04-02 23:08:25,23,58,5,2,0,0.23,0.28
2025-04-02 23:13:25,23,114,2,2,1,1.14,0.008
2025-04-02 23:18:25,23,61,2,0,0,0.61,0.167
2025-04-02 23:23:25,23,7,5,0,1,0.03,0.342
2025-04-02 23:28:25,23,51,1,0,0,1.02,0.044
2025-04-02 23:33:25,23,24,2,0,0,0.24,0.278
2025-04-02 23:38:25,23,110,3,1,1,0.73,0.13
2025-04-02 23:43:25,23,66,1,2,1,1.32,-0.046
2025-04-02 23:48:25,23,103,5,0,0,0.41,0.226
2025-04-02 23:53:25,23,93,1,1,0,1.86,-0.208
2025-04-02 23:58:25,23,102,3,0,1,0.68,0.146
2025-04-03 00:03:25,0,71,3,0,0,0.47,0.208
2025-04-03 00:08:25,0,71,1,1,1,1.42,-0.076
2025-04-03 00:13:25,0,46,1,2,1,0.92,0.074
2025-04-03 00:18:25,0,29,5,2,0,0.12,0.315
2025-04-03 00:23:25,0,102,4,2,1,0.51,0.197
2025-04-03 00:28:25,0,76,3,0,1,0.51,0.198
2025-04-03 00:33:25,0,94,2,1,0,0.94,0.068
2025-04-03 00:38:25,0,64,5,0,0,0.26,0.273
2025-04-03 00:43:25,0,85,2,0,1,0.85,0.095
2025-04-03 00:48:25,0,66,5,2,1,0.26,0.271
2025-04-03 00:53:25,0,71,2,2,0,0.71,0.137
2025-04-03 00:58:25,0,113,1,1,1,2.26,-0.328
2025-04-03 01:03:25,1,23,4,0,0,0.12,0.316
2025-04-03 01:08:25,1,63,1,0,0,1.26,-0.028
2025-04-03 01:13:25,1,49,1,0,1,0.98,0.056
2025-04-03 01:18:25,1,104,3,1,1,0.69,0.142
2025-04-03 01:23:25,1,11,5,2,0,0.04,0.337
2025-04-03 01:28:25,1,62,1,2,0,1.24,-0.022
2025-04-03 01:33:25,1,27,2,1,1,0.27,0.269
2025-04-03 01:38:25,1,111,5,1,0,0.44,0.217
2025-04-03 01:43:25,1,35,2,1,1,0.35,0.245
2025-04-03 01:48:25,1,81,5,2,1,0.32,0.253
2025-04-03 01:53:25,1,100,5,1,0,0.4,0.23
2025-04-03 01:58:25,1,117,1,0,1,2.34,-0.352
2025-04-03 02:03:25,2,99,2,0,0,0.99,0.053
2025-04-03 02:08:25,2,116,3,1,0,0.77,0.118
2025-04-03 02:13:25,2,78,1,1,0,1.56,-0.118
2025-04-03 02:18:25,2,32,4,2,1,0.16,0.302
2025-04-03 02:23:25,2,41,5,1,1,0.16,0.301
2025-04-03 02:28:25,2,24,4,1,1,0.12,0.314
2025-04-03 02:33:25,2,95,1,1,0,1.9,-0.22
2025-04-03 02:38:25,2,14,1,1,1,0.28,0.266
2025-04-03 02:43:25,2,86,2,1,1,0.86,0.092
2025-04-03 02:48:25,2,51,5,2,0,0.2,0.289
2025-04-03 02:53:25,2,56,5,2,0,0.22,0.283
2025-04-03 02:58:25,2,15,1,1,0,0.3,0.26
2025-04-03 03:03:25,3,83,3,2,1,0.55,0.184
2025-04-03 03:08:25,3,91,2,1,1,0.91,0.077
2025-04-03 03:13:25,3,102,5,0,0,0.41,0.228
2025-04-03 03:18:25,3,17,1,2,0,0.34,0.248
2025-04-03 03:23:25,3,33,5,2,1,0.13,0.31
2025-04-03 03:28:25,3,36,2,2,1,0.36,0.242
2025-04-03 03:33:25,3,88,3,2,0,0.59,0.174
2025-04-03 03:38:25,3,85,4,0,0,0.42,0.222
2025-04-03 03:43:25,3,51,5,2,1,0.2,0.289
2025-04-03 03:48:25,3,10,3,0,0,0.07,0.33
2025-04-03 03:53:25,3,7,3,0,1,0.05,0.336
2025-04-03 03:58:25,3,42,2,0,0,0.42,0.224
2025-04-03 04:03:25,4,68,1,0,1,1.36,-0.058
2025-04-03 04:08:25,4,16,2,2,1,0.16,0.302
2025-04-03 04:13:25,4,84,3,1,0,0.56,0.182
2025-04-03 04:18:25,4,21,5,0,1,0.08,0.325
2025-04-03 04:23:25,4,83,3,1,1,0.55,0.184
2025-04-03 04:28:25,4,75,3,0,1,0.5,0.2
2025-04-03 04:33:25,4,48,5,1,0,0.19,0.292
2025-04-03 04:38:25,4,24,1,1,1,0.48,0.206
2025-04-03 04:43:25,4,75,1,1,1,1.5,-0.1
2025-04-03 04:48:25,4,88,4,0,1,0.44,0.218
2025-04-03 04:53:25,4,52,1,2,1,1.04,0.038
2025-04-03 04:58:25,4,6,3,0,0,0.04,0.338
2025-04-03 05:03:25,5,76,5,1,1,0.3,0.259
2025-04-03 05:08:25,5,68,2,1,0,0.68,0.146
2025-04-03 05:13:25,5,99,3,0,0,0.66,0.152
2025-04-03 05:18:25,5,37,4,1,0,0.18,0.294
2025-04-03 05:23:25,5,12,3,1,0,0.08,0.326
2025-04-03 05:28:25,5,92,1,0,1,1.84,-0.202
2025-04-03 05:33:25,5,50,4,0,1,0.25,0.275
2025-04-03 05:38:25,5,44,2,0,1,0.44,0.218
2025-04-03 05:43:25,5,101,1,0,0,2.02,-0.256
2025-04-03 05:48:25,5,34,1,0,1,0.68,0.146
2025-04-03 05:53:25,5,30,2,1,0,0.3,0.26
2025-04-03 05:58:25,5,94,2,1,0,0.94,0.068
2025-04-03 06:03:25,6,102,2,2,1,1.02,0.044
2025-04-03 06:08:25,6,53,3,0,0,0.35,0.244
2025-04-03 06:13:25,6,10,1,1,0,0.2,0.29
2025-04-03 06:18:25,6,107,1,1,1,2.14,-0.292
2025-04-03 06:23:25,6,12,2,1,1,0.12,0.314
2025-04-03 06:28:25,6,66,3,2,0,0.44,0.218
2025-04-03 06:33:25,6,79,4,1,1,0.4,0.231
2025-04-03 06:38:25,6,26,2,2,0,0.26,0.272
2025-04-03 06:43:25,6,45,4,1,1,0.23,0.282
2025-04-03 06:48:25,6,79,2,1,1,0.79,0.113
2025-04-03 06:53:25,6,91,4,0,0,0.46,0.213
2025-04-03 06:58:25,6,49,3,1,0,0.33,0.252
2025-04-03 07:03:25,7,59,4,0,1,0.29,0.262
2025-04-03 07:08:25,7,97,5,2,1,0.39,0.234
2025-04-03 07:13:25,7,55,4,1,1,0.28,0.268
2025-04-03 07:18:25,7,22,3,1,0,0.15,0.306
2025-04-03 07:23:25,7,100,1,2,0,2.0,-0.25
2025-04-03 07:28:25,7,32,2,2,0,0.32,0.254
2025-04-03 07:33:25,7,65,5,1,0,0.26,0.272
2025-04-03 07:38:25,7,83,1,2,1,1.66,-0.148
2025-04-03 07:43:25,7,53,5,2,1,0.21,0.286
2025-04-03 07:48:25,7,65,4,0,1,0.33,0.253
2025-04-03 07:53:25,7,96,4,1,1,0.48,0.206
2025-04-03 07:58:25,7,64,2,0,0,0.64,0.158
2025-04-03 08:03:25,8,100,1,1,0,2.0,-0.25
2025-04-03 08:08:25,8,102,4,1,0,0.51,0.197
2025-04-03 08:13:25,8,38,4,1,0,0.19,0.293
2025-04-03 08:18:25,8,46,3,2,1,0.31,0.258
2025-04-03 08:23:25,8,16,3,0,1,0.11,0.318
2025-04-03 08:28:25,8,44,5,2,0,0.18,0.297
2025-04-03 08:33:25,8,103,2,1,0,1.03,0.041
2025-04-03 08:38:25,8,46,4,1,1,0.23,0.281
2025-04-03 08:43:25,8,6,5,0,1,0.02,0.343
2025-04-03 08:48:25,8,113,1,1,1,2.26,-0.328
2025-04-03 08:53:25,8,64,5,2,1,0.26,0.273
2025-04-03 08:58:25,8,107,1,1,0,2.14,-0.292
2025-04-03 09:03:25,9,74,1,2,0,1.48,-0.094
2025-04-03 09:08:25,9,32,2,2,0,0.32,0.254
2025-04-03 09:13:25,9,9,1,0,0,0.18,0.296
2025-04-03 09:18:25,9,51,3,1,0,0.34,0.248
2025-04-03 09:23:25,9,18,2,0,1,0.18,0.296
2025-04-03 09:28:25,9,80,1,0,0,1.6,-0.13
2025-04-03 09:33:25,9,24,3,0,0,0.16,0.302
2025-04-03 09:38:25,9,68,4,0,0,0.34,0.248
2025-04-03 09:43:25,9,41,5,0,0,0.16,0.301
2025-04-03 09:48:25,9,117,4,2,0,0.58,0.174
2025-04-03 09:53:25,9,10,4,2,0,0.05,0.335
2025-04-03 09:58:25,9,24,2,1,1,0.24,0.278
2025-04-03 10:03:25,10,77,5,1,0,0.31,0.358
2025-04-03 10:08:25,10,5,3,1,0,0.03,0.44
2025-04-03 10:13:25,10,63,5,0,0,0.25,0.374
2025-04-03 10:18:25,10,55,4,1,1,0.28,0.367
2025-04-03 10:23:25,10,57,2,2,0,0.57,0.279
2025-04-03 10:28:25,10,102,1,1,0,2.04,-0.162
2025-04-03 10:33:25,10,61,3,1,0,0.41,0.328
2025-04-03 10:38:25,10,48,4,2,1,0.24,0.378
2025-04-03 10:43:25,10,49,4,1,1,0.24,0.376
2025-04-03 10:48:25,10,12,2,0,0,0.12,0.414
2025-04-03 10:53:25,10,12,5,1,0,0.05,0.436
2025-04-03 10:58:25,10,115,2,0,0,1.15,0.105
2025-04-03 11:03:25,11,94,3,1,1,0.63,0.262
2025-04-03 11:08:25,11,118,2,0,1,1.18,0.096
2025-04-03 11:13:25,11,12,1,2,1,0.24,0.378
2025-04-03 11:18:25,11,93,4,0,0,0.47,0.31
2025-04-03 11:23:25,11,23,5,0,0,0.09,0.422
2025-04-03 11:28:25,11,94,4,1,1,0.47,0.309
2025-04-03 11:33:25,11,68,1,0,0,1.36,0.042
2025-04-03 11:38:25,11,93,5,0,0,0.37,0.338
2025-04-03 11:43:25,11,81,1,2,1,1.62,-0.036
2025-04-03 11:48:25,11,102,5,1,1,0.41,0.328
2025-04-03 11:53:25,11,8,3,1,1,0.05,0.434
2025-04-03 11:58:25,11,86,5,0,0,0.34,0.347
2025-04-03 12:03:25,12,87,5,2,0,0.35,0.346
2025-04-03 12:08:25,12,92,1,0,0,1.84,-0.102
2025-04-03 12:13:25,12,69,4,1,0,0.34,0.347
2025-04-03 12:18:25,12,19,5,2,1,0.08,0.427
2025-04-03 12:23:25,12,97,1,0,0,1.94,-0.132
2025-04-03 12:28:25,12,100,1,2,1,2.0,-0.15
2025-04-03 12:33:25,12,106,2,2,0,1.06,0.132
2025-04-03 12:38:25,12,76,2,1,1,0.76,0.222
2025-04-03 12:43:25,12,13,3,0,1,0.09,0.424
2025-04-03 12:48:25,12,76,2,1,1,0.76,0.222
2025-04-03 12:53:25,12,97,2,0,1,0.97,0.159
2025-04-03 12:58:25,12,9,2,0,0,0.09,0.423
2025-04-03 13:03:25,13,48,4,2,0,0.24,0.378
2025-04-03 13:08:25,13,52,2,2,0,0.52,0.294
2025-04-03 13:13:25,13,113,5,2,0,0.45,0.314
2025-04-03 13:18:25,13,84,5,2,0,0.34,0.349
2025-04-03 13:23:25,13,40,3,2,0,0.27,0.37
2025-04-03 13:28:25,13,72,5,0,1,0.29,0.364
2025-04-03 13:33:25,13,23,2,1,0,0.23,0.381
2025-04-03 13:38:25,13,72,5,1,0,0.29,0.364
2025-04-03 13:43:25,13,33,4,2,1,0.17,0.4
2025-04-03 13:48:25,13,20,2,1,1,0.2,0.39
2025-04-03 13:53:25,13,6,1,0,1,0.12,0.414
2025-04-03 13:58:25,13,94,1,1,0,1.88,-0.114
2025-04-03 14:03:25,14,11,4,1,0,0.06,0.433
2025-04-03 14:08:25,14,17,1,1,0,0.34,0.348
2025-04-03 14:13:25,14,46,4,1,0,0.23,0.381
2025-04-03 14:18:25,14,58,1,0,1,1.16,0.102
2025-04-03 14:23:25,14,51,3,0,0,0.34,0.348
2025-04-03 14:28:25,14,26,5,1,1,0.1,0.419
2025-04-03 14:33:25,14,13,2,0,0,0.13,0.411
2025-04-03 14:38:25,14,14,2,0,0,0.14,0.408
2025-04-03 14:43:25,14,46,1,1,0,0.92,0.174
2025-04-03 14:48:25,14,41,4,1,1,0.2,0.388
2025-04-03 14:53:25,14,23,4,2,1,0.12,0.415
2025-04-03 14:58:25,14,93,2,2,1,0.93,0.171
2025-04-03 15:03:25,15,78,1,2,1,1.56,-0.018
2025-04-03 15:08:25,15,73,1,2,1,1.46,0.012
2025-04-03 15:13:25,15,102,1,2,0,2.04,-0.162
2025-04-03 15:18:25,15,85,5,2,0,0.34,0.348
2025-04-03 15:23:25,15,96,3,1,0,0.64,0.258
2025-04-03 15:28:25,15,82,5,0,0,0.33,0.352
2025-04-03 15:33:25,15,29,2,2,0,0.29,0.363
2025-04-03 15:38:25,15,89,2,2,1,0.89,0.183
2025-04-03 15:43:25,15,43,1,0,0,0.86,0.192
2025-04-03 15:48:25,15,107,4,1,0,0.54,0.289
2025-04-03 15:53:25,15,72,2,1,1,0.72,0.234
2025-04-03 15:58:25,15,36,5,1,1,0.14,0.407
2025-04-03 16:03:25,16,108,5,0,1,0.43,0.22
2025-04-03 16:08:25,16,7,1,0,0,0.14,0.308
2025-04-03 16:13:25,16,74,1,2,1,1.48,-0.094
2025-04-03 16:18:25,16,17,1,1,1,0.34,0.248
2025-04-03 16:23:25,16,9,4,2,1,0.04,0.336
2025-04-03 16:28:25,16,25,2,2,1,0.25,0.275
2025-04-03 16:33:25,16,48,5,1,0,0.19,0.292
2025-04-03 16:38:25,16,90,2,2,1,0.9,0.08
2025-04-03 16:43:25,16,6,1,2,1,0.12,0.314
2025-04-03 16:48:25,16,91,4,1,1,0.46,0.213
2025-04-03 16:53:25,16,62,4,0,0,0.31,0.257
2025-04-03 16:58:25,16,97,1,2,1,1.94,-0.232
2025-04-03 17:03:25,17,110,1,2,1,2.2,-0.31
2025-04-03 17:08:25,17,16,1,2,1,0.32,0.254
2025-04-03 17:13:25,17,34,5,2,1,0.14,0.309
2025-04-03 17:18:25,17,119,5,0,0,0.48,0.207
2025-04-03 17:23:25,17,34,5,1,1,0.14,0.309
2025-04-03 17:28:25,17,86,1,0,1,1.72,-0.166
2025-04-03 17:33:25,17,80,4,1,0,0.4,0.23
2025-04-03 17:38:25,17,18,4,0,0,0.09,0.323
2025-04-03 17:43:25,17,118,5,1,0,0.47,0.208
2025-04-03 17:48:25,17,89,2,2,0,0.89,0.083
2025-04-03 17:53:25,17,77,1,2,0,1.54,-0.112
2025-04-03 17:58:25,17,56,2,1,0,0.56,0.182
2025-04-03 18:03:25,18,10,3,1,0,0.07,0.33
2025-04-03 18:08:25,18,19,4,0,1,0.1,0.322
2025-04-03 18:13:25,18,110,4,2,0,0.55,0.185
2025-04-03 18:18:25,18,46,2,0,0,0.46,0.212
2025-04-03 18:23:25,18,34,2,1,1,0.34,0.248
2025-04-03 18:28:25,18,10,3,2,1,0.07,0.33
2025-04-03 18:33:25,18,18,1,2,0,0.36,0.242
2025-04-03 18:38:25,18,39,2,2,1,0.39,0.233
2025-04-03 18:43:25,18,39,2,1,1,0.39,0.233
2025-04-03 18:48:25,18,86,2,0,1,0.86,0.092
2025-04-03 18:53:25,18,29,5,1,0,0.12,0.315
2025-04-03 18:58:25,18,40,1,1,1,0.8,0.11
2025-04-03 19:03:25,19,58,5,2,0,0.23,0.28
2025-04-03 19:08:25,19,45,1,0,0,0.9,0.08
2025-04-03 19:13:25,19,102,5,1,1,0.41,0.228
2025-04-03 19:18:25,19,29,4,0,1,0.14,0.306
2025-04-03 19:23:25,19,16,4,0,0,0.08,0.326
2025-04-03 19:28:25,19,82,4,1,0,0.41,0.227
2025-04-03 19:33:25,19,64,5,2,1,0.26,0.273
2025-04-03 19:38:25,19,6,4,2,0,0.03,0.341
2025-04-03 19:43:25,19,35,3,0,0,0.23,0.28
2025-04-03 19:48:25,19,38,2,0,1,0.38,0.236
2025-04-03 19:53:25,19,15,2,0,0,0.15,0.305
2025-04-03 19:58:25,19,60,1,2,0,1.2,-0.01
2025-04-03 20:03:25,20,13,3,0,0,0.09,0.324
2025-04-03 20:08:25,20,32,3,2,1,0.21,0.286
2025-04-03 20:13:25,20,20,4,0,1,0.1,0.32
2025-04-03 20:18:25,20,8,1,0,0,0.16,0.302
2025-04-03 20:23:25,20,56,5,1,0,0.22,0.283
2025-04-03 20:28:25,20,54,5,2,1,0.22,0.285
2025-04-03 20:33:25,20,103,3,1,1,0.69,0.144
2025-04-03 20:38:25,20,75,5,0,1,0.3,0.26
2025-04-03 20:43:25,20,9,2,1,0,0.09,0.323
2025-04-03 20:48:25,20,25,5,1,0,0.1,0.32
2025-04-03 20:53:25,20,62,5,0,0,0.25,0.276
2025-04-03 20:58:25,20,89,2,1,0,0.89,0.083
2025-04-03 21:03:25,21,89,5,1,0,0.36,0.243
2025-04-03 21:08:25,21,49,4,0,0,0.24,0.276
2025-04-03 21:13:25,21,117,4,2,0,0.58,0.174
2025-04-03 21:18:25,21,25,4,2,0,0.12,0.312
2025-04-03 21:23:25,21,30,4,1,1,0.15,0.305
2025-04-03 21:28:25,21,116,4,1,1,0.58,0.176
2025-04-03 21:33:25,21,103,1,0,1,2.06,-0.268
2025-04-03 21:38:25,21,33,2,0,1,0.33,0.251
2025-04-03 21:43:25,21,17,1,0,1,0.34,0.248
2025-04-03 21:48:25,21,21,1,0,0,0.42,0.224
2025-04-03 21:53:25,21,6,4,0,0,0.03,0.341
2025-04-03 21:58:25,21,14,2,1,1,0.14,0.308
2025-04-03 22:03:25,22,64,5,2,0,0.26,0.273
2025-04-03 22:08:25,22,38,3,1,1,0.25,0.274
2025-04-03 22:13:25,22,53,1,2,1,1.06,0.032
2025-04-03 22:18:25,22,49,3,0,1,0.33,0.252
2025-04-03 22:23:25,22,48,1,2,0,0.96,0.062
2025-04-03 22:28:25,22,12,5,0,0,0.05,0.336
2025-04-03 22:33:25,22,47,1,0,0,0.94,0.068
2025-04-03 22:38:25,22,28,3,0,0,0.19,0.294
2025-04-03 22:43:25,22,24,5,1,0,0.1,0.321
2025-04-03 22:48:25,22,114,4,2,1,0.57,0.179
2025-04-03 22:53:25,22,19,3,2,0,0.13,0.312
2025-04-03 22:58:25,22,32,3,2,1,0.21,0.286
2025-04-03 23:03:25,23,9,5,1,1,0.04,0.339
2025-04-03 23:08:25,23,100,2,1,0,1.0,0.05
2025-04-03 23:13:25,23,100,4,0,0,0.5,0.2
2025-04-03 23:18:25,23,12,1,0,1,0.24,0.278
2025-04-03 23:23:25,23,83,2,2,0,0.83,0.101
2025-04-03 23:28:25,23,40,4,1,0,0.2,0.29
2025-04-03 23:33:25,23,45,1,1,0,0.9,0.08
2025-04-03 23:38:25,23,66,2,1,0,0.66,0.152
2025-04-03 23:43:25,23,40,4,2,1,0.2,0.29
2025-04-03 23:48:25,23,6,5,0,1,0.02,0.343
2025-04-03 23:53:25,23,99,4,1,0,0.49,0.202
2025-04-03 23:58:25,23,14,1,1,0,0.28,0.266
2025-04-04 00:03:25,0,77,1,2,1,1.54,-0.112
2025-04-04 00:08:25,0,93,2,1,1,0.93,0.071
2025-04-04 00:13:25,0,34,4,0,1,0.17,0.299
2025-04-04 00:18:25,0,36,3,1,0,0.24,0.278
2025-04-04 00:23:25,0,25,3,1,1,0.17,0.3
2025-04-04 00:28:25,0,98,1,0,0,1.96,-0.238
2025-04-04 00:33:25,0,22,5,0,1,0.09,0.324
2025-04-04 00:38:25,0,25,4,2,1,0.12,0.312
2025-04-04 00:43:25,0,90,3,0,1,0.6,0.17
2025-04-04 00:48:25,0,96,5,0,1,0.38,0.235
2025-04-04 00:53:25,0,6,5,0,0,0.02,0.343
2025-04-04 00:58:25,0,56,3,1,0,0.37,0.238
2025-04-04 01:03:25,1,83,3,2,1,0.55,0.184
2025-04-04 01:08:25,1,48,5,1,0,0.19,0.292
2025-04-04 01:13:25,1,41,5,0,1,0.16,0.301
2025-04-04 01:18:25,1,7,3,2,0,0.05,0.336
2025-04-04 01:23:25,1,34,4,2,0,0.17,0.299
2025-04-04 01:28:25,1,105,2,1,1,1.05,0.035
2025-04-04 01:33:25,1,76,1,0,0,1.52,-0.106
2025-04-04 01:38:25,1,69,4,2,1,0.34,0.246
2025-04-04 01:43:25,1,68,2,1,0,0.68,0.146
2025-04-04 01:48:25,1,93,2,0,1,0.93,0.071
2025-04-04 01:53:25,1,50,3,2,1,0.33,0.25
2025-04-04 01:58:25,1,45,5,0,1,0.18,0.296
2025-04-04 02:03:25,2,40,2,1,1,0.4,0.23
2025-04-04 02:08:25,2,58,4,0,1,0.29,0.263
2025-04-04 02:13:25,2,18,1,1,0,0.36,0.242
2025-04-04 02:18:25,2,24,3,2,0,0.16,0.302
2025-04-04 02:23:25,2,74,3,0,1,0.49,0.202
2025-04-04 02:28:25,2,8,5,1,1,0.03,0.34
2025-04-04 02:33:25,2,103,2,0,1,1.03,0.041
2025-04-04 02:38:25,2,89,5,1,1,0.36,0.243
2025-04-04 02:43:25,2,50,4,0,0,0.25,0.275
2025-04-04 02:48:25,2,24,1,2,0,0.48,0.206
2025-04-04 02:53:25,2,8,5,1,0,0.03,0.34
2025-04-04 02:58:25,2,92,5,1,0,0.37,0.24
2025-04-04 03:03:25,3,8,2,1,1,0.08,0.326
2025-04-04 03:08:25,3,23,4,2,0,0.12,0.316
2025-04-04 03:13:25,3,67,3,1,1,0.45,0.216
2025-04-04 03:18:25,3,113,4,1,1,0.56,0.18
2025-04-04 03:23:25,3,106,5,2,1,0.42,0.223
2025-04-04 03:28:25,3,68,3,0,1,0.45,0.214
2025-04-04 03:33:25,3,98,1,2,0,1.96,-0.238
2025-04-04 03:38:25,3,22,4,0,0,0.11,0.317
2025-04-04 03:43:25,3,96,3,2,0,0.64,0.158
2025-04-04 03:48:25,3,61,4,1,0,0.3,0.259
2025-04-04 03:53:25,3,37,1,1,1,0.74,0.128
2025-04-04 03:58:25,3,24,3,2,1,0.16,0.302
2025-04-04 04:03:25,4,51,4,2,0,0.26,0.274
2025-04-04 04:08:25,4,13,2,0,0,0.13,0.311
2025-04-04 04:13:25,4,65,2,1,0,0.65,0.155
2025-04-04 04:18:25,4,81,3,0,1,0.54,0.188
2025-04-04 04:23:25,4,113,1,2,0,2.26,-0.328
2025-04-04 04:28:25,4,55,5,2,1,0.22,0.284
2025-04-04 04:33:25,4,39,2,2,0,0.39,0.233
2025-04-04 04:38:25,4,97,5,0,0,0.39,0.234
2025-04-04 04:43:25,4,78,5,1,1,0.31,0.256
2025-04-04 04:48:25,4,8,2,2,0,0.08,0.326
2025-04-04 04:53:25,4,28,1,1,0,0.56,0.182
2025-04-04 04:58:25,4,58,4,0,0,0.29,0.263
2025-04-04 05:03:25,5,88,1,0,1,1.76,-0.178
2025-04-04 05:08:25,5,28,4,1,1,0.14,0.308
2025-04-04 05:13:25,5,90,4,2,0,0.45,0.215
2025-04-04 05:18:25,5,59,4,1,1,0.29,0.262
2025-04-04 05:23:25,5,14,2,0,0,0.14,0.308
2025-04-04 05:28:25,5,74,4,0,0,0.37,0.239
2025-04-04 05:33:25,5,104,3,1,1,0.69,0.142
2025-04-04 05:38:25,5,111,1,0,1,2.22,-0.316
2025-04-04 05:43:25,5,54,1,2,0,1.08,0.026
2025-04-04 05:48:25,5,74,2,2,1,0.74,0.128
2025-04-04 05:53:25,5,92,5,1,1,0.37,0.24
2025-04-04 05:58:25,5,112,1,0,1,2.24,-0.322
2025-04-04 06:03:25,6,25,2,0,0,0.25,0.275
2025-04-04 06:08:25,6,91,2,0,1,0.91,0.077
2025-04-04 06:13:25,6,53,3,2,0,0.35,0.244
2025-04-04 06:18:25,6,89,4,0,0,0.45,0.216
2025-04-04 06:23:25,6,45,1,1,0,0.9,0.08
2025-04-04 06:28:25,6,72,2,0,0,0.72,0.134
2025-04-04 06:33:25,6,90,1,0,1,1.8,-0.19
2025-04-04 06:38:25,6,65,5,1,1,0.26,0.272
2025-04-04 06:43:25,6,62,3,0,0,0.41,0.226
2025-04-04 06:48:25,6,90,1,0,1,1.8,-0.19
2025-04-04 06:53:25,6,74,2,0,1,0.74,0.128
2025-04-04 06:58:25,6,89,5,1,1,0.36,0.243
2025-04-04 07:03:25,7,116,1,1,1,2.32,-0.346
2025-04-04 07:08:25,7,102,3,0,0,0.68,0.146
2025-04-04 07:13:25,7,90,4,2,1,0.45,0.215
2025-04-04 07:18:25,7,42,4,2,1,0.21,0.287
2025-04-04 07:23:25,7,103,3,2,0,0.69,0.144
2025-04-04 07:28:25,7,68,5,1,0,0.27,0.268
2025-04-04 07:33:25,7,72,4,1,0,0.36,0.242
2025-04-04 07:38:25,7,108,5,2,1,0.43,0.22
2025-04-04 07:43:25,7,96,3,0,0,0.64,0.158
2025-04-04 07:48:25,7,44,2,1,0,0.44,0.218
2025-04-04 07:53:25,7,67,2,0,1,0.67,0.149
2025-04-04 07:58:25,7,7,4,0,1,0.04,0.339
2025-04-04 08:03:25,8,103,4,2,0,0.52,0.196
2025-04-04 08:08:25,8,54,3,2,0,0.36,0.242
2025-04-04 08:13:25,8,55,3,1,1,0.37,0.24
2025-04-04 08:18:25,8,28,4,0,1,0.14,0.308
2025-04-04 08:23:25,8,105,5,2,0,0.42,0.224
2025-04-04 08:28:25,8,51,2,1,1,0.51,0.197
2025-04-04 08:33:25,8,88,4,1,0,0.44,0.218
2025-04-04 08:38:25,8,84,3,0,0,0.56,0.182
2025-04-04 08:43:25,8,31,2,2,1,0.31,0.257
2025-04-04 08:48:25,8,106,1,0,0,2.12,-0.286
2025-04-04 08:53:25,8,12,5,2,0,0.05,0.336
2025-04-04 08:58:25,8,8,3,0,1,0.05,0.334
2025-04-04 09:03:25,9,15,1,2,0,0.3,0.26
2025-04-04 09:08:25,9,25,5,1,1,0.1,0.32
2025-04-04 09:13:25,9,32,2,2,0,0.32,0.254
2025-04-04 09:18:25,9,31,5,0,0,0.12,0.313
2025-04-04 09:23:25,9,101,4,0,1,0.51,0.199
2025-04-04 09:28:25,9,38,2,1,1,0.38,0.236
2025-04-04 09:33:25,9,9,3,0,1,0.06,0.332
2025-04-04 09:38:25,9,97,1,1,1,1.94,-0.232
2025-04-04 09:43:25,9,10,3,0,0,0.07,0.33
2025-04-04 09:48:25,9,70,4,0,0,0.35,0.245
2025-04-04 09:53:25,9,92,2,1,0,0.92,0.074
2025-04-04 09:58:25,9,80,4,1,1,0.4,0.23
2025-04-04 10:03:25,10,116,5,1,1,0.46,0.311
2025-04-04 10:08:25,10,37,5,2,1,0.15,0.406
2025-04-04 10:13:25,10,38,1,2,0,0.76,0.222
2025-04-04 10:18:25,10,86,2,2,0,0.86,0.192
2025-04-04 10:23:25,10,27,1,0,1,0.54,0.288
2025-04-04 10:28:25,10,15,3,2,0,0.1,0.42
2025-04-04 10:33:25,10,88,5,1,1,0.35,0.344
2025-04-04 10:38:25,10,103,4,2,0,0.52,0.295
2025-04-04 10:43:25,10,74,1,0,1,1.48,0.006
2025-04-04 10:48:25,10,91,3,1,0,0.61,0.268
2025-04-04 10:53:25,10,51,5,2,0,0.2,0.389
2025-04-04 10:58:25,10,57,4,1,1,0.28,0.365
2025-04-04 11:03:25,11,80,1,2,0,1.6,-0.03
2025-04-04 11:08:25,11,103,4,0,0,0.52,0.295
2025-04-04 11:13:25,11,86,3,0,1,0.57,0.278
2025-04-04 11:18:25,11,95,3,2,1,0.63,0.26
2025-04-04 11:23:25,11,50,4,0,1,0.25,0.375
2025-04-04 11:28:25,11,66,3,2,1,0.44,0.318
2025-04-04 11:33:25,11,82,3,0,0,0.55,0.286
2025-04-04 11:38:25,11,44,2,1,0,0.44,0.318
2025-04-04 11:43:25,11,26,1,2,1,0.52,0.294
2025-04-04 11:48:25,11,55,3,1,0,0.37,0.34
2025-04-04 11:53:25,11,77,4,0,0,0.39,0.335
2025-04-04 11:58:25,11,82,1,2,1,1.64,-0.042
2025-04-04 12:03:25,12,23,4,1,1,0.12,0.415
2025-04-04 12:08:25,12,42,5,0,1,0.17,0.4
2025-04-04 12:13:25,12,44,1,1,0,0.88,0.186
2025-04-04 12:18:25,12,68,1,0,1,1.36,0.042
2025-04-04 12:23:25,12,79,5,2,0,0.32,0.355
2025-04-04 12:28:25,12,63,1,2,1,1.26,0.072
2025-04-04 12:33:25,12,96,2,0,0,0.96,0.162
2025-04-04 12:38:25,12,114,1,2,0,2.28,-0.234
2025-04-04 12:43:25,12,59,5,1,0,0.24,0.379
2025-04-04 12:48:25,12,52,4,2,0,0.26,0.372
2025-04-04 12:53:25,12,68,2,0,0,0.68,0.246
2025-04-04 12:58:25,12,25,5,0,0,0.1,0.42
2025-04-04 13:03:25,13,48,1,0,0,0.96,0.162
2025-04-04 13:08:25,13,77,5,0,1,0.31,0.358
2025-04-04 13:13:25,13,39,1,1,1,0.78,0.216
2025-04-04 13:18:25,13,100,1,0,0,2.0,-0.15
2025-04-04 13:23:25,13,51,4,1,1,0.26,0.373
2025-04-04 13:28:25,13,50,1,2,1,1.0,0.15
2025-04-04 13:33:25,13,56,5,1,1,0.22,0.383
2025-04-04 13:38:25,13,25,3,1,1,0.17,0.4
2025-04-04 13:43:25,13,33,3,2,0,0.22,0.384
2025-04-04 13:48:25,13,96,4,1,1,0.48,0.306
2025-04-04 13:53:25,13,49,3,1,1,0.33,0.352
2025-04-04 13:58:25,13,70,2,2,0,0.7,0.24
2025-04-04 14:03:25,14,109,1,2,1,2.18,-0.204
2025-04-04 14:08:25,14,10,1,1,0,0.2,0.39
2025-04-04 14:13:25,14,65,4,1,1,0.33,0.353
2025-04-04 14:18:25,14,31,3,1,0,0.21,0.388
2025-04-04 14:23:25,14,61,5,0,0,0.24,0.377
2025-04-04 14:28:25,14,103,3,0,1,0.69,0.244
2025-04-04 14:33:25,14,60,1,0,0,1.2,0.09
2025-04-04 14:38:25,14,106,1,1,0,2.12,-0.186
2025-04-04 14:43:25,14,66,3,0,1,0.44,0.318
2025-04-04 14:48:25,14,43,5,0,0,0.17,0.398
2025-04-04 14:53:25,14,68,2,2,1,0.68,0.246
2025-04-04 14:58:25,14,109,1,0,0,2.18,-0.204
2025-04-04 15:03:25,15,45,1,0,0,0.9,0.18
2025-04-04 15:08:25,15,63,1,2,0,1.26,0.072
2025-04-04 15:13:25,15,68,3,1,0,0.45,0.314
2025-04-04 15:18:25,15,15,5,2,1,0.06,0.432
2025-04-04 15:23:25,15,49,1,2,1,0.98,0.156
2025-04-04 15:28:25,15,76,5,0,0,0.3,0.359
2025-04-04 15:33:25,15,16,5,0,0,0.06,0.431
2025-04-04 15:38:25,15,94,4,1,0,0.47,0.309
2025-04-04 15:43:25,15,12,1,2,1,0.24,0.378
2025-04-04 15:48:25,15,91,5,2,0,0.36,0.341
2025-04-04 15:53:25,15,53,4,1,1,0.27,0.37
2025-04-04 15:58:25,15,70,4,1,0,0.35,0.345
2025-04-04 16:03:25,16,40,2,0,0,0.4,0.23
2025-04-04 16:08:25,16,115,4,0,0,0.57,0.177
2025-04-04 16:13:25,16,80,2,2,0,0.8,0.11
2025-04-04 16:18:25,16,45,2,2,0,0.45,0.215
2025-04-04 16:23:25,16,109,2,1,0,1.09,0.023
2025-04-04 16:28:25,16,79,5,1,1,0.32,0.255
2025-04-04 16:33:25,16,86,3,1,0,0.57,0.178
2025-04-04 16:38:25,16,43,4,2,1,0.21,0.285
2025-04-04 16:43:25,16,74,3,0,1,0.49,0.202
2025-04-04 16:48:25,16,97,3,1,1,0.65,0.156
2025-04-04 16:53:25,16,6,1,0,1,0.12,0.314
2025-04-04 16:58:25,16,16,3,2,0,0.11,0.318
2025-04-04 17:03:25,17,59,5,2,1,0.24,0.279
2025-04-04 17:08:25,17,105,5,1,0,0.42,0.224
2025-04-04 17:13:25,17,99,1,2,1,1.98,-0.244
2025-04-04 17:18:25,17,42,4,0,1,0.21,0.287
2025-04-04 17:23:25,17,111,2,2,0,1.11,0.017
2025-04-04 17:28:25,17,77,5,1,1,0.31,0.258
2025-04-04 17:33:25,17,34,4,1,1,0.17,0.299
2025-04-04 17:38:25,17,71,3,2,0,0.47,0.208
2025-04-04 17:43:25,17,67,3,1,0,0.45,0.216
2025-04-04 17:48:25,17,61,4,0,1,0.3,0.259
2025-04-04 17:53:25,17,43,2,0,0,0.43,0.221
2025-04-04 17:58:25,17,72,5,0,0,0.29,0.264
2025-04-04 18:03:25,18,51,4,2,0,0.26,0.274
2025-04-04 18:08:25,18,78,4,1,1,0.39,0.233
2025-04-04 18:13:25,18,39,3,2,0,0.26,0.272
2025-04-04 18:18:25,18,95,3,0,0,0.63,0.16
2025-04-04 18:23:25,18,42,5,1,1,0.17,0.3
2025-04-04 18:28:25,18,60,4,1,0,0.3,0.26
2025-04-04 18:33:25,18,35,4,0,0,0.17,0.297
2025-04-04 18:38:25,18,54,5,1,1,0.22,0.285
2025-04-04 18:43:25,18,92,3,2,0,0.61,0.166
2025-04-04 18:48:25,18,49,4,1,0,0.24,0.276
2025-04-04 18:53:25,18,50,3,2,1,0.33,0.25
2025-04-04 18:58:25,18,55,2,1,0,0.55,0.185
2025-04-04 19:03:25,19,19,5,1,1,0.08,0.327
2025-04-04 19:08:25,19,105,2,0,0,1.05,0.035
2025-04-04 19:13:25,19,46,4,0,0,0.23,0.281
2025-04-04 19:18:25,19,91,4,1,1,0.46,0.213
2025-04-04 19:23:25,19,77,1,0,0,1.54,-0.112
2025-04-04 19:28:25,19,63,4,0,0,0.32,0.256
2025-04-04 19:33:25,19,100,4,0,0,0.5,0.2
2025-04-04 19:38:25,19,109,1,0,1,2.18,-0.304
2025-04-04 19:43:25,19,113,5,2,0,0.45,0.214
2025-04-04 19:48:25,19,55,3,1,1,0.37,0.24
2025-04-04 19:53:25,19,36,5,2,1,0.14,0.307
2025-04-04 19:58:25,19,117,5,1,0,0.47,0.21
2025-04-04 20:03:25,20,112,5,2,0,0.45,0.216
2025-04-04 20:08:25,20,72,3,0,1,0.48,0.206
2025-04-04 20:13:25,20,67,5,2,0,0.27,0.27
2025-04-04 20:18:25,20,115,2,2,1,1.15,0.005
2025-04-04 20:23:25,20,55,5,0,0,0.22,0.284
2025-04-04 20:28:25,20,86,1,1,0,1.72,-0.166
2025-04-04 20:33:25,20,41,5,0,0,0.16,0.301
2025-04-04 20:38:25,20,105,4,1,0,0.53,0.193
2025-04-04 20:43:25,20,68,3,0,1,0.45,0.214
2025-04-04 20:48:25,20,15,5,2,1,0.06,0.332
2025-04-04 20:53:25,20,25,3,2,1,0.17,0.3
2025-04-04 20:58:25,20,9,1,0,1,0.18,0.296
2025-04-04 21:03:25,21,16,1,2,0,0.32,0.254
2025-04-04 21:08:25,21,30,4,1,0,0.15,0.305
2025-04-04 21:13:25,21,59,2,1,0,0.59,0.173
2025-04-04 21:18:25,21,37,3,2,1,0.25,0.276
2025-04-04 21:23:25,21,119,2,0,0,1.19,-0.007
2025-04-04 21:28:25,21,57,3,1,1,0.38,0.236
2025-04-04 21:33:25,21,55,4,2,0,0.28,0.268
2025-04-04 21:38:25,21,39,1,0,0,0.78,0.116
2025-04-04 21:43:25,21,85,1,0,1,1.7,-0.16
2025-04-04 21:48:25,21,76,3,2,1,0.51,0.198
2025-04-04 21:53:25,21,71,3,0,0,0.47,0.208
2025-04-04 21:58:25,21,51,5,2,0,0.2,0.289
2025-04-04 22:03:25,22,84,2,1,0,0.84,0.098
2025-04-04 22:08:25,22,90,3,2,1,0.6,0.17
2025-04-04 22:13:25,22,14,2,1,0,0.14,0.308
2025-04-04 22:18:25,22,84,4,1,0,0.42,0.224
2025-04-04 22:23:25,22,28,3,1,0,0.19,0.294
2025-04-04 22:28:25,22,98,3,2,1,0.65,0.154
2025-04-04 22:33:25,22,12,2,0,1,0.12,0.314
2025-04-04 22:38:25,22,75,3,0,1,0.5,0.2
2025-04-04 22:43:25,22,29,5,0,0,0.12,0.315
2025-04-04 22:48:25,22,41,5,0,1,0.16,0.301
2025-04-04 22:53:25,22,77,1,2,1,1.54,-0.112
2025-04-04 22:58:25,22,67,1,1,1,1.34,-0.052
2025-04-04 23:03:25,23,82,4,1,0,0.41,0.227
2025-04-04 23:08:25,23,106,3,2,1,0.71,0.138
2025-04-04 23:13:25,23,7,4,0,0,0.04,0.339
2025-04-04 23:18:25,23,100,2,0,0,1.0,0.05
2025-04-04 23:23:25,23,87,3,1,1,0.58,0.176
2025-04-04 23:28:25,23,70,1,2,1,1.4,-0.07
2025-04-04 23:33:25,23,110,4,1,1,0.55,0.185
2025-04-04 23:38:25,23,70,2,1,0,0.7,0.14
2025-04-04 23:43:25,23,60,4,1,0,0.3,0.26
2025-04-04 23:48:25,23,71,3,1,0,0.47,0.208
2025-04-04 23:53:25,23,107,5,2,0,0.43,0.222
2025-04-04 23:58:25,23,21,1,1,0,0.42,0.224
2025-04-05 00:03:25,0,17,5,2,0,0.07,0.33
2025-04-05 00:08:25,0,23,1,0,1,0.46,0.212
2025-04-05 00:13:25,0,35,1,2,0,0.7,0.14
2025-04-05 00:18:25,0,36,2,1,1,0.36,0.242
2025-04-05 00:23:25,0,76,4,1,1,0.38,0.236
2025-04-05 00:28:25,0,54,4,1,1,0.27,0.269
2025-04-05 00:33:25,0,57,4,0,0,0.28,0.265
2025-04-05 00:38:25,0,91,2,2,0,0.91,0.077
2025-04-05 00:43:25,0,82,2,1,1,0.82,0.104
2025-04-05 00:48:25,0,102,3,0,1,0.68,0.146
2025-04-05 00:53:25,0,53,1,2,0,1.06,0.032
2025-04-05 00:58:25,0,97,2,1,1,0.97,0.059
2025-04-05 01:03:25,1,90,1,2,1,1.8,-0.19
2025-04-05 01:08:25,1,54,1,1,0,1.08,0.026
2025-04-05 01:13:25,1,48,1,0,1,0.96,0.062
2025-04-05 01:18:25,1,15,1,0,0,0.3,0.26
2025-04-05 01:23:25,1,23,1,2,1,0.46,0.212
2025-04-05 01:28:25,1,48,4,1,0,0.24,0.278
2025-04-05 01:33:25,1,55,5,2,0,0.22,0.284
2025-04-05 01:38:25,1,74,4,2,0,0.37,0.239
2025-04-05 01:43:25,1,21,2,2,1,0.21,0.287
2025-04-05 01:48:25,1,33,1,2,0,0.66,0.152
2025-04-05 01:53:25,1,59,2,2,0,0.59,0.173
2025-04-05 01:58:25,1,89,5,2,0,0.36,0.243
2025-04-05 02:03:25,2,105,1,2,0,2.1,-0.28
2025-04-05 02:08:25,2,72,1,1,0,1.44,-0.082
2025-04-05 02:13:25,2,25,4,2,0,0.12,0.312
2025-04-05 02:18:25,2,16,5,1,0,0.06,0.331
2025-04-05 02:23:25,2,105,4,0,0,0.53,0.193
2025-04-05 02:28:25,2,51,2,1,0,0.51,0.197
2025-04-05 02:33:25,2,112,1,2,0,2.24,-0.322
2025-04-05 02:38:25,2,17,2,0,0,0.17,0.299
2025-04-05 02:43:25,2,104,2,0,0,1.04,0.038
2025-04-05 02:48:25,2,42,3,1,1,0.28,0.266
2025-04-05 02:53:25,2,90,1,0,0,1.8,-0.19
2025-04-05 02:58:25,2,49,5,1,0,0.2,0.291
2025-04-05 03:03:25,3,92,4,1,0,0.46,0.212
2025-04-05 03:08:25,3,32,4,0,1,0.16,0.302
2025-04-05 03:13:25,3,108,1,0,1,2.16,-0.298
2025-04-05 03:18:25,3,111,3,0,0,0.74,0.128
2025-04-05 03:23:25,3,53,2,0,1,0.53,0.191
2025-04-05 03:28:25,3,51,5,1,1,0.2,0.289
2025-04-05 03:33:25,3,17,5,1,1,0.07,0.33
2025-04-05 03:38:25,3,6,1,1,1,0.12,0.314
2025-04-05 03:43:25,3,39,1,2,0,0.78,0.116
2025-04-05 03:48:25,3,106,1,1,1,2.12,-0.286
2025-04-05 03:53:25,3,28,5,2,0,0.11,0.316
2025-04-05 03:58:25,3,104,2,1,1,1.04,0.038
2025-04-05 04:03:25,4,69,4,2,1,0.34,0.246
2025-04-05 04:08:25,4,20,1,1,1,0.4,0.23
2025-04-05 04:13:25,4,31,5,1,0,0.12,0.313
2025-04-05 04:18:25,4,51,1,1,0,1.02,0.044
2025-04-05 04:23:25,4,10,5,0,0,0.04,0.338
2025-04-05 04:28:25,4,59,2,2,1,0.59,0.173
2025-04-05 04:33:25,4,61,4,2,0,0.3,0.259
2025-04-05 04:38:25,4,104,5,2,1,0.42,0.225
2025-04-05 04:43:25,4,115,3,0,1,0.77,0.12
2025-04-05 04:48:25,4,79,1,2,0,1.58,-0.124
2025-04-05 04:53:25,4,76,5,1,0,0.3,0.259
2025-04-05 04:58:25,4,8,3,0,0,0.05,0.334
2025-04-05 05:03:25,5,33,2,1,1,0.33,0.251
2025-04-05 05:08:25,5,81,4,2,1,0.41,0.228
2025-04-05 05:13:25,5,94,4,1,1,0.47,0.209
2025-04-05 05:18:25,5,13,5,1,0,0.05,0.334
2025-04-05 05:23:25,5,19,4,1,0,0.1,0.322
2025-04-05 05:28:25,5,21,3,1,1,0.14,0.308
2025-04-05 05:33:25,5,75,2,0,1,0.75,0.125
2025-04-05 05:38:25,5,29,2,2,0,0.29,0.263
2025-04-05 05:43:25,5,87,3,0,0,0.58,0.176
2025-04-05 05:48:25,5,76,4,2,0,0.38,0.236
2025-04-05 05:53:25,5,32,3,2,0,0.21,0.286
2025-04-05 05:58:25,5,53,4,1,1,0.27,0.271
2025-04-05 06:03:25,6,58,4,0,0,0.29,0.263
2025-04-05 06:08:25,6,35,1,1,1,0.7,0.14
2025-04-05 06:13:25,6,30,1,1,0,0.6,0.17
2025-04-05 06:18:25,6,88,4,0,0,0.44,0.218
2025-04-05 06:23:25,6,58,1,1,1,1.16,0.002
2025-04-05 06:28:25,6,31,2,2,1,0.31,0.257
2025-04-05 06:33:25,6,65,2,0,1,0.65,0.155
2025-04-05 06:38:25,6,73,2,1,1,0.73,0.131
2025-04-05 06:43:25,6,50,5,2,1,0.2,0.29
2025-04-05 06:48:25,6,7,5,0,0,0.03,0.342
2025-04-05 06:53:25,6,112,1,0,1,2.24,-0.322
2025-04-05 06:58:25,6,79,5,1,0,0.32,0.255
2025-04-05 07:03:25,7,99,4,1,0,0.49,0.202
2025-04-05 07:08:25,7,20,4,2,1,0.1,0.32
2025-04-05 07:13:25,7,52,3,1,1,0.35,0.246
2025-04-05 07:18:25,7,80,3,0,0,0.53,0.19
2025-04-05 07:23:25,7,22,3,2,0,0.15,0.306
2025-04-05 07:28:25,7,106,2,1,1,1.06,0.032
2025-04-05 07:33:25,7,8,4,2,0,0.04,0.338
2025-04-05 07:38:25,7,63,5,1,0,0.25,0.274
2025-04-05 07:43:25,7,111,3,0,1,0.74,0.128
2025-04-05 07:48:25,7,70,2,2,1,0.7,0.14
2025-04-05 07:53:25,7,17,2,1,1,0.17,0.299
2025-04-05 07:58:25,7,104,1,2,0,2.08,-0.274
2025-04-05 08:03:25,8,85,3,1,1,0.57,0.18
2025-04-05 08:08:25,8,97,4,0,0,0.48,0.205
2025-04-05 08:13:25,8,78,4,0,1,0.39,0.233
2025-04-05 08:18:25,8,32,2,2,0,0.32,0.254
2025-04-05 08:23:25,8,89,2,1,0,0.89,0.083
2025-04-05 08:28:25,8,76,3,1,0,0.51,0.198
2025-04-05 08:33:25,8,31,1,0,0,0.62,0.164
2025-04-05 08:38:25,8,112,5,0,1,0.45,0.216
2025-04-05 08:43:25,8,104,1,1,1,2.08,-0.274
2025-04-05 08:48:25,8,31,2,2,0,0.31,0.257
2025-04-05 08:53:25,8,36,1,0,0,0.72,0.134
2025-04-05 08:58:25,8,117,3,0,1,0.78,0.116
2025-04-05 09:03:25,9,39,3,0,0,0.26,0.272
2025-04-05 09:08:25,9,95,2,1,0,0.95,0.065
2025-04-05 09:13:25,9,22,5,0,1,0.09,0.324
2025-04-05 09:18:25,9,57,3,1,1,0.38,0.236
2025-04-05 09:23:25,9,69,2,0,1,0.69,0.143
2025-04-05 09:28:25,9,30,5,2,1,0.12,0.314
2025-04-05 09:33:25,9,63,3,0,0,0.42,0.224
2025-04-05 09:38:25,9,9,2,0,0,0.09,0.323
2025-04-05 09:43:25,9,26,2,0,0,0.26,0.272
2025-04-05 09:48:25,9,97,4,0,1,0.48,0.205
2025-04-05 09:53:25,9,15,3,0,0,0.1,0.32
2025-04-05 09:58:25,9,80,2,2,0,0.8,0.11
2025-04-05 10:03:25,10,113,4,2,0,0.56,0.28
2025-04-05 10:08:25,10,75,2,0,0,0.75,0.225
2025-04-05 10:13:25,10,82,4,2,1,0.41,0.327
2025-04-05 10:18:25,10,88,2,0,0,0.88,0.186
2025-04-05 10:23:25,10,12,1,2,1,0.24,0.378
2025-04-05 10:28:25,10,107,4,1,0,0.54,0.289
2025-04-05 10:33:25,10,95,4,1,0,0.47,0.307
2025-04-05 10:38:25,10,103,5,0,0,0.41,0.326
2025-04-05 10:43:25,10,115,3,2,0,0.77,0.22
2025-04-05 10:48:25,10,40,2,0,1,0.4,0.33
2025-04-05 10:53:25,10,28,2,2,1,0.28,0.366
2025-04-05 10:58:25,10,61,1,2,0,1.22,0.084
2025-04-05 11:03:25,11,27,5,0,0,0.11,0.418
2025-04-05 11:08:25,11,57,1,0,0,1.14,0.108
2025-04-05 11:13:25,11,64,5,0,1,0.26,0.373
2025-04-05 11:18:25,11,44,5,0,1,0.18,0.397
2025-04-05 11:23:25,11,7,3,1,0,0.05,0.436
2025-04-05 11:28:25,11,72,4,1,0,0.36,0.342
2025-04-05 11:33:25,11,40,1,0,0,0.8,0.21
2025-04-05 11:38:25,11,91,2,1,1,0.91,0.177
2025-04-05 11:43:25,11,66,5,0,1,0.26,0.371
2025-04-05 11:48:25,11,31,3,1,0,0.21,0.388
2025-04-05 11:53:25,11,116,3,2,1,0.77,0.218
2025-04-05 11:58:25,11,104,5,1,0,0.42,0.325
2025-04-05 12:03:25,12,76,1,2,0,1.52,-0.006
2025-04-05 12:08:25,12,35,2,1,1,0.35,0.345
2025-04-05 12:13:25,12,63,2,2,1,0.63,0.261
2025-04-05 12:18:25,12,13,1,2,1,0.26,0.372
2025-04-05 12:23:25,12,14,1,0,1,0.28,0.366
2025-04-05 12:28:25,12,52,4,2,0,0.26,0.372
2025-04-05 12:33:25,12,25,5,1,0,0.1,0.42
2025-04-05 12:38:25,12,69,1,2,1,1.38,0.036
2025-04-05 12:43:25,12,85,1,2,1,1.7,-0.06
2025-04-05 12:48:25,12,70,3,1,0,0.47,0.31
2025-04-05 12:53:25,12,115,2,2,0,1.15,0.105
2025-04-05 12:58:25,12,61,1,1,0,1.22,0.084
2025-04-05 13:03:25,13,45,5,0,0,0.18,0.396
2025-04-05 13:08:25,13,74,4,0,0,0.37,0.339
2025-04-05 13:13:25,13,85,1,2,0,1.7,-0.06
2025-04-05 13:18:25,13,59,1,0,0,1.18,0.096
2025-04-05 13:23:25,13,94,4,1,0,0.47,0.309
2025-04-05 13:28:25,13,87,3,2,1,0.58,0.276
2025-04-05 13:33:25,13,82,2,0,1,0.82,0.204
2025-04-05 13:38:25,13,38,5,2,1,0.15,0.404
2025-04-05 13:43:25,13,92,3,0,0,0.61,0.266
2025-04-05 13:48:25,13,10,1,0,0,0.2,0.39
2025-04-05 13:53:25,13,44,3,0,0,0.29,0.362
2025-04-05 13:58:25,13,73,3,1,1,0.49,0.304
2025-04-05 14:03:25,14,17,3,2,1,0.11,0.416
2025-04-05 14:08:25,14,84,3,2,1,0.56,0.282
2025-04-05 14:13:25,14,93,4,2,1,0.47,0.31
2025-04-05 14:18:25,14,48,2,1,0,0.48,0.306
2025-04-05 14:23:25,14,61,5,2,1,0.24,0.377
2025-04-05 14:28:25,14,60,3,1,1,0.4,0.33
2025-04-05 14:33:25,14,87,3,1,1,0.58,0.276
2025-04-05 14:38:25,14,84,4,0,0,0.42,0.324
2025-04-05 14:43:25,14,16,5,2,0,0.06,0.431
2025-04-05 14:48:25,14,31,4,0,1,0.15,0.403
2025-04-05 14:53:25,14,101,5,0,1,0.4,0.329
2025-04-05 14:58:25,14,82,5,1,1,0.33,0.352
2025-04-05 15:03:25,15,63,1,1,1,1.26,0.072
2025-04-05 15:08:25,15,116,1,2,1,2.32,-0.246
2025-04-05 15:13:25,15,73,3,1,1,0.49,0.304
2025-04-05 15:18:25,15,51,4,0,0,0.26,0.373
2025-04-05 15:23:25,15,88,3,1,0,0.59,0.274
2025-04-05 15:28:25,15,24,5,1,0,0.1,0.421
2025-04-05 15:33:25,15,78,1,0,1,1.56,-0.018
2025-04-05 15:38:25,15,94,5,1,0,0.38,0.337
2025-04-05 15:43:25,15,70,2,0,1,0.7,0.24
2025-04-05 15:48:25,15,66,1,0,1,1.32,0.054
2025-04-05 15:53:25,15,94,4,0,0,0.47,0.309
2025-04-05 15:58:25,15,95,1,2,0,1.9,-0.12
2025-04-05 16:03:25,16,7,2,1,0,0.07,0.329
2025-04-05 16:08:25,16,39,2,1,1,0.39,0.233
2025-04-05 16:13:25,16,26,2,2,0,0.26,0.272
2025-04-05 16:18:25,16,43,3,0,0,0.29,0.264
2025-04-05 16:23:25,16,106,4,2,0,0.53,0.191
2025-04-05 16:28:25,16,58,4,2,1,0.29,0.263
2025-04-05 16:33:25,16,103,2,1,0,1.03,0.041
2025-04-05 16:38:25,16,38,3,1,0,0.25,0.274
2025-04-05 16:43:25,16,31,2,0,0,0.31,0.257
2025-04-05 16:48:25,16,100,1,2,1,2.0,-0.25
2025-04-05 16:53:25,16,63,4,1,0,0.32,0.256
2025-04-05 16:58:25,16,72,1,2,1,1.44,-0.082
2025-04-05 17:03:25,17,93,2,0,0,0.93,0.071
2025-04-05 17:08:25,17,63,3,0,0,0.42,0.224
2025-04-05 17:13:25,17,26,4,1,1,0.13,0.311
2025-04-05 17:18:25,17,29,5,0,0,0.12,0.315
2025-04-05 17:23:25,17,49,4,2,0,0.24,0.276
2025-04-05 17:28:25,17,13,4,2,0,0.07,0.331
2025-04-05 17:33:25,17,14,4,0,0,0.07,0.329
2025-04-05 17:38:25,17,50,2,1,1,0.5,0.2
2025-04-05 17:43:25,17,42,1,1,1,0.84,0.098
2025-04-05 17:48:25,17,31,2,2,1,0.31,0.257
2025-04-05 17:53:25,17,89,1,2,0,1.78,-0.184
2025-04-05 17:58:25,17,8,5,2,0,0.03,0.34
2025-04-05 18:03:25,18,31,2,2,1,0.31,0.257
2025-04-05 18:08:25,18,96,1,2,0,1.92,-0.226
2025-04-05 18:13:25,18,45,2,1,1,0.45,0.215
2025-04-05 18:18:25,18,113,1,0,0,2.26,-0.328
2025-04-05 18:23:25,18,115,4,2,1,0.57,0.177
2025-04-05 18:28:25,18,67,1,0,1,1.34,-0.052
2025-04-05 18:33:25,18,73,3,1,1,0.49,0.204
2025-04-05 18:38:25,18,79,5,1,0,0.32,0.255
2025-04-05 18:43:25,18,66,2,0,0,0.66,0.152
2025-04-05 18:48:25,18,20,2,1,1,0.2,0.29
2025-04-05 18:53:25,18,14,2,1,0,0.14,0.308
2025-04-05 18:58:25,18,23,4,2,0,0.12,0.316
2025-04-05 19:03:25,19,81,3,1,1,0.54,0.188
2025-04-05 19:08:25,19,69,3,1,1,0.46,0.212
2025-04-05 19:13:25,19,55,2,0,0,0.55,0.185
2025-04-05 19:18:25,19,10,3,0,0,0.07,0.33
2025-04-05 19:23:25,19,117,4,0,1,0.58,0.174
2025-04-05 19:28:25,19,41,1,1,1,0.82,0.104
2025-04-05 19:33:25,19,63,5,1,0,0.25,0.274
2025-04-05 19:38:25,19,62,3,2,1,0.41,0.226
2025-04-05 19:43:25,19,106,2,1,1,1.06,0.032
2025-04-05 19:48:25,19,111,5,2,1,0.44,0.217
2025-04-05 19:53:25,19,22,2,2,1,0.22,0.284
2025-04-05 19:58:25,19,15,2,0,0,0.15,0.305
2025-04-05 20:03:25,20,8,5,2,1,0.03,0.34
2025-04-05 20:08:25,20,92,4,2,0,0.46,0.212
2025-04-05 20:13:25,20,59,3,1,1,0.39,0.232
2025-04-05 20:18:25,20,118,1,0,1,2.36,-0.358
2025-04-05 20:23:25,20,42,5,0,0,0.17,0.3
2025-04-05 20:28:25,20,117,2,0,1,1.17,-0.001
2025-04-05 20:33:25,20,75,3,0,0,0.5,0.2
2025-04-05 20:38:25,20,88,3,2,1,0.59,0.174
2025-04-05 20:43:25,20,73,1,2,1,1.46,-0.088
2025-04-05 20:48:25,20,110,1,0,0,2.2,-0.31
2025-04-05 20:53:25,20,67,2,0,0,0.67,0.149
2025-04-05 20:58:25,20,59,5,1,1,0.24,0.279
2025-04-05 21:03:25,21,53,2,1,0,0.53,0.191
2025-04-05 21:08:25,21,84,1,0,0,1.68,-0.154
2025-04-05 21:13:25,21,65,1,1,0,1.3,-0.04
2025-04-05 21:18:25,21,113,3,2,1,0.75,0.124
2025-04-05 21:23:25,21,45,5,1,0,0.18,0.296
2025-04-05 21:28:25,21,85,4,2,1,0.42,0.222
2025-04-05 21:33:25,21,71,1,2,1,1.42,-0.076
2025-04-05 21:38:25,21,77,5,2,0,0.31,0.258
2025-04-05 21:43:25,21,91,5,1,1,0.36,0.241
2025-04-05 21:48:25,21,115,5,0,0,0.46,0.212
2025-04-05 21:53:25,21,108,5,1,0,0.43,0.22
2025-04-05 21:58:25,21,10,4,1,1,0.05,0.335
2025-04-05 22:03:25,22,26,1,1,0,0.52,0.194
2025-04-05 22:08:25,22,111,2,2,1,1.11,0.017
2025-04-05 22:13:25,22,14,4,2,1,0.07,0.329
2025-04-05 22:18:25,22,38,1,1,1,0.76,0.122
2025-04-05 22:23:25,22,15,3,1,0,0.1,0.32
2025-04-05 22:28:25,22,32,3,0,0,0.21,0.286
2025-04-05 22:33:25,22,51,1,1,0,1.02,0.044
2025-04-05 22:38:25,22,23,3,1,1,0.15,0.304
2025-04-05 22:43:25,22,51,2,0,0,0.51,0.197
2025-04-05 22:48:25,22,54,2,2,0,0.54,0.188
2025-04-05 22:53:25,22,5,2,0,1,0.05,0.335
2025-04-05 22:58:25,22,115,5,0,0,0.46,0.212
2025-04-05 23:03:25,23,68,5,0,0,0.27,0.268
2025-04-05 23:08:25,23,92,2,0,0,0.92,0.074
2025-04-05 23:13:25,23,17,5,1,0,0.07,0.33
2025-04-05 23:18:25,23,71,2,0,0,0.71,0.137
2025-04-05 23:23:25,23,57,1,0,1,1.14,0.008
2025-04-05 23:28:25,23,21,3,0,0,0.14,0.308
2025-04-05 23:33:25,23,7,5,0,0,0.03,0.342
2025-04-05 23:38:25,23,36,2,0,1,0.36,0.242
2025-04-05 23:43:25,23,32,1,0,0,0.64,0.158
2025-04-05 23:48:25,23,90,1,2,1,1.8,-0.19
2025-04-05 23:53:25,23,55,1,2,1,1.1,0.02
2025-04-05 23:58:25,23,33,3,2,1,0.22,0.284
2025-04-06 00:03:25,0,45,5,2,0,0.18,0.296
2025-04-06 00:08:25,0,15,5,1,1,0.06,0.332
2025-04-06 00:13:25,0,61,2,2,1,0.61,0.167
2025-04-06 00:18:25,0,52,2,1,1,0.52,0.194
2025-04-06 00:23:25,0,80,1,2,1,1.6,-0.13
2025-04-06 00:28:25,0,61,1,0,1,1.22,-0.016
2025-04-06 00:33:25,0,70,5,0,1,0.28,0.266
2025-04-06 00:38:25,0,83,4,0,0,0.41,0.225
2025-04-06 00:43:25,0,110,5,2,0,0.44,0.218
2025-04-06 00:48:25,0,7,3,2,1,0.05,0.336
2025-04-06 00:53:25,0,8,3,2,1,0.05,0.334
2025-04-06 00:58:25,0,99,3,2,1,0.66,0.152
2025-04-06 01:03:25,1,111,2,1,1,1.11,0.017
2025-04-06 01:08:25,1,53,1,2,1,1.06,0.032
2025-04-06 01:13:25,1,102,5,2,1,0.41,0.228
2025-04-06 01:18:25,1,29,4,0,1,0.14,0.306
2025-04-06 01:23:25,1,62,5,0,1,0.25,0.276
2025-04-06 01:28:25,1,43,2,0,0,0.43,0.221
2025-04-06 01:33:25,1,105,3,0,0,0.7,0.14
2025-04-06 01:38:25,1,75,4,0,0,0.38,0.237
2025-04-06 01:43:25,1,96,5,1,0,0.38,0.235
2025-04-06 01:48:25,1,20,3,0,1,0.13,0.31
2025-04-06 01:53:25,1,94,4,1,0,0.47,0.209
2025-04-06 01:58:25,1,90,2,1,0,0.9,0.08
2025-04-06 02:03:25,2,17,3,1,1,0.11,0.316
2025-04-06 02:08:25,2,12,3,0,1,0.08,0.326
2025-04-06 02:13:25,2,113,3,1,1,0.75,0.124
2025-04-06 02:18:25,2,98,4,1,1,0.49,0.203
2025-04-06 02:23:25,2,15,1,1,1,0.3,0.26
2025-04-06 02:28:25,2,54,4,2,1,0.27,0.269
2025-04-06 02:33:25,2,27,2,1,1,0.27,0.269
2025-04-06 02:38:25,2,117,1,2,0,2.34,-0.352
2025-04-06 02:43:25,2,42,3,1,0,0.28,0.266
2025-04-06 02:48:25,2,5,5,0,1,0.02,0.344
2025-04-06 02:53:25,2,114,5,2,1,0.46,0.213
2025-04-06 02:58:25,2,11,2,2,0,0.11,0.317
2025-04-06 03:03:25,3,83,4,2,0,0.41,0.225
2025-04-06 03:08:25,3,74,4,1,0,0.37,0.239
2025-04-06 03:13:25,3,88,4,0,1,0.44,0.218
2025-04-06 03:18:25,3,12,1,0,0,0.24,0.278
2025-04-06 03:23:25,3,26,5,0,1,0.1,0.319
2025-04-06 03:28:25,3,39,5,1,1,0.16,0.303
2025-04-06 03:33:25,3,52,1,1,0,1.04,0.038
2025-04-06 03:38:25,3,108,5,2,1,0.43,0.22
2025-04-06 03:43:25,3,81,2,1,1,0.81,0.107
2025-04-06 03:48:25,3,79,1,1,0,1.58,-0.124
2025-04-06 03:53:25,3,42,3,2,0,0.28,0.266
2025-04-06 03:58:25,3,35,3,0,1,0.23,0.28
2025-04-06 04:03:25,4,71,5,2,0,0.28,0.265
2025-04-06 04:08:25,4,99,5,0,0,0.4,0.231
2025-04-06 04:13:25,4,39,4,2,0,0.2,0.291
2025-04-06 04:18:25,4,25,3,1,0,0.17,0.3
2025-04-06 04:23:25,4,34,4,0,0,0.17,0.299
2025-04-06 04:28:25,4,90,2,0,1,0.9,0.08
2025-04-06 04:33:25,4,104,3,1,0,0.69,0.142
2025-04-06 04:38:25,4,7,5,0,0,0.03,0.342
2025-04-06 04:43:25,4,14,3,0,1,0.09,0.322
2025-04-06 04:48:25,4,65,5,2,0,0.26,0.272
2025-04-06 04:53:25,4,47,2,1,0,0.47,0.209
2025-04-06 04:58:25,4,47,1,2,0,0.94,0.068
2025-04-06 05:03:25,5,28,3,1,1,0.19,0.294
2025-04-06 05:08:25,5,59,4,0,0,0.29,0.262
2025-04-06 05:13:25,5,63,5,2,0,0.25,0.274
2025-04-06 05:18:25,5,16,2,1,0,0.16,0.302
2025-04-06 05:23:25,5,46,4,1,0,0.23,0.281
2025-04-06 05:28:25,5,18,3,2,0,0.12,0.314
2025-04-06 05:33:25,5,22,3,2,1,0.15,0.306
2025-04-06 05:38:25,5,86,3,0,1,0.57,0.178
2025-04-06 05:43:25,5,9,1,2,0,0.18,0.296
2025-04-06 05:48:25,5,93,1,1,1,1.86,-0.208
2025-04-06 05:53:25,5,26,3,0,1,0.17,0.298
2025-04-06 05:58:25,5,75,4,0,0,0.38,0.237
2025-04-06 06:03:25,6,108,4,1,1,0.54,0.188
2025-04-06 06:08:25,6,118,1,0,1,2.36,-0.358
2025-04-06 06:13:25,6,18,2,1,1,0.18,0.296
2025-04-06 06:18:25,6,37,3,2,0,0.25,0.276
2025-04-06 06:23:25,6,16,4,1,1,0.08,0.326
2025-04-06 06:28:25,6,7,4,1,1,0.04,0.339
2025-04-06 06:33:25,6,17,5,1,0,0.07,0.33
2025-04-06 06:38:25,6,53,2,1,1,0.53,0.191
2025-04-06 06:43:25,6,79,4,2,1,0.4,0.231
2025-04-06 06:48:25,6,24,5,1,1,0.1,0.321
2025-04-06 06:53:25,6,85,4,2,1,0.42,0.222
2025-04-06 06:58:25,6,50,3,2,1,0.33,0.25
2025-04-06 07:03:25,7,49,3,2,1,0.33,0.252
2025-04-06 07:08:25,7,52,3,0,0,0.35,0.246
2025-04-06 07:13:25,7,92,1,2,0,1.84,-0.202
2025-04-06 07:18:25,7,88,5,1,0,0.35,0.244
2025-04-06 07:23:25,7,115,1,2,0,2.3,-0.34
2025-04-06 07:28:25,7,98,4,2,0,0.49,0.203
2025-04-06 07:33:25,7,16,1,0,1,0.32,0.254
2025-04-06 07:38:25,7,46,5,2,1,0.18,0.295
2025-04-06 07:43:25,7,15,2,1,0,0.15,0.305
2025-04-06 07:48:25,7,112,2,1,0,1.12,0.014
2025-04-06 07:53:25,7,24,2,1,1,0.24,0.278
2025-04-06 07:58:25,7,14,4,2,0,0.07,0.329
2025-04-06 08:03:25,8,88,3,0,1,0.59,0.174
2025-04-06 08:08:25,8,44,4,2,1,0.22,0.284
2025-04-06 08:13:25,8,15,5,1,1,0.06,0.332
2025-04-06 08:18:25,8,64,2,2,1,0.64,0.158
2025-04-06 08:23:25,8,53,4,0,0,0.27,0.271
2025-04-06 08:28:25,8,100,4,0,1,0.5,0.2
2025-04-06 08:33:25,8,90,4,2,1,0.45,0.215
2025-04-06 08:38:25,8,68,2,2,0,0.68,0.146
2025-04-06 08:43:25,8,15,4,1,1,0.07,0.328
2025-04-06 08:48:25,8,66,5,1,1,0.26,0.271
2025-04-06 08:53:25,8,44,3,1,0,0.29,0.262
2025-04-06 08:58:25,8,21,1,2,0,0.42,0.224
2025-04-06 09:03:25,9,99,2,0,0,0.99,0.053
2025-04-06 09:08:25,9,110,5,1,0,0.44,0.218
2025-04-06 09:13:25,9,26,5,0,1,0.1,0.319
2025-04-06 09:18:25,9,22,3,0,0,0.15,0.306
2025-04-06 09:23:25,9,110,5,0,1,0.44,0.218
2025-04-06 09:28:25,9,13,4,1,0,0.07,0.331
2025-04-06 09:33:25,9,89,2,0,1,0.89,0.083
2025-04-06 09:38:25,9,77,4,1,0,0.39,0.234
2025-04-06 09:43:25,9,64,1,2,1,1.28,-0.034
2025-04-06 09:48:25,9,22,4,2,0,0.11,0.317
2025-04-06 09:53:25,9,100,5,0,0,0.4,0.23
2025-04-06 09:58:25,9,117,5,1,0,0.47,0.21
2025-04-06 10:03:25,10,81,1,1,1,1.62,-0.036
2025-04-06 10:08:25,10,99,4,2,1,0.49,0.301
2025-04-06 10:13:25,10,29,5,2,1,0.12,0.415
2025-04-06 10:18:25,10,67,4,0,1,0.34,0.35
2025-04-06 10:23:25,10,71,4,2,0,0.35,0.344
2025-04-06 10:28:25,10,102,5,1,1,0.41,0.328
2025-04-06 10:33:25,10,76,1,1,1,1.52,-0.006
2025-04-06 10:38:25,10,36,3,1,0,0.24,0.378
2025-04-06 10:43:25,10,63,4,0,0,0.32,0.356
2025-04-06 10:48:25,10,35,5,2,0,0.14,0.408
2025-04-06 10:53:25,10,66,4,0,0,0.33,0.351
2025-04-06 10:58:25,10,45,5,1,1,0.18,0.396
2025-04-06 11:03:25,11,107,4,0,0,0.54,0.289
2025-04-06 11:08:25,11,46,2,0,1,0.46,0.312
2025-04-06 11:13:25,11,81,1,1,1,1.62,-0.036
2025-04-06 11:18:25,11,101,1,2,0,2.02,-0.156
2025-04-06 11:23:25,11,21,2,1,0,0.21,0.387
2025-04-06 11:28:25,11,113,3,1,0,0.75,0.224
2025-04-06 11:33:25,11,63,5,2,0,0.25,0.374
2025-04-06 11:38:25,11,117,4,0,0,0.58,0.274
2025-04-06 11:43:25,11,20,2,1,1,0.2,0.39
2025-04-06 11:48:25,11,21,5,1,0,0.08,0.425
2025-04-06 11:53:25,11,114,2,0,0,1.14,0.108
2025-04-06 11:58:25,11,89,5,2,0,0.36,0.343
2025-04-06 12:03:25,12,44,3,2,0,0.29,0.362
2025-04-06 12:08:25,12,56,2,2,0,0.56,0.282
2025-04-06 12:13:25,12,91,4,1,0,0.46,0.314
2025-04-06 12:18:25,12,61,4,0,1,0.3,0.359
2025-04-06 12:23:25,12,115,1,2,0,2.3,-0.24
2025-04-06 12:28:25,12,102,1,2,1,2.04,-0.162
2025-04-06 12:33:25,12,101,5,1,0,0.4,0.329
2025-04-06 12:38:25,12,61,3,1,1,0.41,0.328
2025-04-06 12:43:25,12,69,3,1,1,0.46,0.312
2025-04-06 12:48:25,12,119,3,2,0,0.79,0.212
2025-04-06 12:53:25,12,99,1,0,1,1.98,-0.144
2025-04-06 12:58:25,12,97,5,0,1,0.39,0.334
2025-04-06 13:03:25,13,27,2,1,0,0.27,0.369
2025-04-06 13:08:25,13,113,3,1,1,0.75,0.224
2025-04-06 13:13:25,13,109,1,2,0,2.18,-0.204
2025-04-06 13:18:25,13,15,1,0,0,0.3,0.36
2025-04-06 13:23:25,13,70,3,2,1,0.47,0.31
2025-04-06 13:28:25,13,21,3,1,1,0.14,0.408
2025-04-06 13:33:25,13,70,5,2,1,0.28,0.366
2025-04-06 13:38:25,13,72,2,0,0,0.72,0.234
2025-04-06 13:43:25,13,40,2,0,1,0.4,0.33
2025-04-06 13:48:25,13,62,1,0,1,1.24,0.078
2025-04-06 13:53:25,13,64,3,1,1,0.43,0.322
2025-04-06 13:58:25,13,103,3,0,1,0.69,0.244
2025-04-06 14:03:25,14,86,1,2,1,1.72,-0.066
2025-04-06 14:08:25,14,76,2,1,1,0.76,0.222
2025-04-06 14:13:25,14,31,1,2,1,0.62,0.264
2025-04-06 14:18:25,14,60,4,2,1,0.3,0.36
2025-04-06 14:23:25,14,18,5,0,0,0.07,0.428
2025-04-06 14:28:25,14,38,3,1,1,0.25,0.374
2025-04-06 14:33:25,14,110,1,1,1,2.2,-0.21
2025-04-06 14:38:25,14,68,2,2,0,0.68,0.246
2025-04-06 14:43:25,14,28,5,2,1,0.11,0.416
2025-04-06 14:48:25,14,31,1,2,0,0.62,0.264
2025-04-06 14:53:25,14,80,1,0,1,1.6,-0.03
2025-04-06 14:58:25,14,30,2,2,0,0.3,0.36
2025-04-06 15:03:25,15,54,4,2,1,0.27,0.369
2025-04-06 15:08:25,15,91,1,1,0,1.82,-0.096
2025-04-06 15:13:25,15,70,3,1,0,0.47,0.31
2025-04-06 15:18:25,15,93,4,0,1,0.47,0.31
2025-04-06 15:23:25,15,90,5,1,0,0.36,0.342
2025-04-06 15:28:25,15,101,4,1,0,0.51,0.298
2025-04-06 15:33:25,15,19,2,1,1,0.19,0.393
2025-04-06 15:38:25,15,56,1,0,1,1.12,0.114
2025-04-06 15:43:25,15,9,1,2,1,0.18,0.396
2025-04-06 15:48:25,15,112,4,2,1,0.56,0.282
2025-04-06 15:53:25,15,25,4,2,1,0.12,0.412
2025-04-06 15:58:25,15,108,3,1,1,0.72,0.234
2025-04-06 16:03:25,16,93,4,0,1,0.47,0.21
2025-04-06 16:08:25,16,79,5,0,1,0.32,0.255
2025-04-06 16:13:25,16,113,5,2,0,0.45,0.214
2025-04-06 16:18:25,16,60,3,0,1,0.4,0.23
2025-04-06 16:23:25,16,97,5,0,0,0.39,0.234
2025-04-06 16:28:25,16,116,2,0,1,1.16,0.002
2025-04-06 16:33:25,16,64,3,1,0,0.43,0.222
2025-04-06 16:38:25,16,96,4,2,1,0.48,0.206
2025-04-06 16:43:25,16,81,3,2,1,0.54,0.188
2025-04-06 16:48:25,16,65,5,1,1,0.26,0.272
2025-04-06 16:53:25,16,98,1,2,0,1.96,-0.238
2025-04-06 16:58:25,16,62,5,2,1,0.25,0.276
2025-04-06 17:03:25,17,35,4,0,1,0.17,0.297
2025-04-06 17:08:25,17,5,5,2,0,0.02,0.344
2025-04-06 17:13:25,17,69,1,2,1,1.38,-0.064
2025-04-06 17:18:25,17,58,2,0,0,0.58,0.176
2025-04-06 17:23:25,17,85,3,0,1,0.57,0.18
2025-04-06 17:28:25,17,12,1,0,1,0.24,0.278
2025-04-06 17:33:25,17,94,5,0,1,0.38,0.237
2025-04-06 17:38:25,17,85,5,1,0,0.34,0.248
2025-04-06 17:43:25,17,114,5,2,1,0.46,0.213
2025-04-06 17:48:25,17,31,5,0,0,0.12,0.313
2025-04-06 17:53:25,17,39,4,1,0,0.2,0.291
2025-04-06 17:58:25,17,90,2,0,0,0.9,0.08
2025-04-06 18:03:25,18,93,2,1,0,0.93,0.071
2025-04-06 18:08:25,18,9,2,1,1,0.09,0.323
2025-04-06 18:13:25,18,63,2,1,1,0.63,0.161
2025-04-06 18:18:25,18,21,1,1,1,0.42,0.224
2025-04-06 18:23:25,18,17,4,2,0,0.09,0.325
2025-04-06 18:28:25,18,23,3,2,1,0.15,0.304
2025-04-06 18:33:25,18,39,1,2,0,0.78,0.116
2025-04-06 18:38:25,18,24,4,2,1,0.12,0.314
2025-04-06 18:43:25,18,52,4,0,0,0.26,0.272
2025-04-06 18:48:25,18,21,3,1,0,0.14,0.308
2025-04-06 18:53:25,18,103,4,0,1,0.52,0.196
2025-04-06 18:58:25,18,62,5,2,0,0.25,0.276
2025-04-06 19:03:25,19,72,3,1,1,0.48,0.206
2025-04-06 19:08:25,19,49,2,0,1,0.49,0.203
2025-04-06 19:13:25,19,35,3,1,1,0.23,0.28
2025-04-06 19:18:25,19,28,3,2,0,0.19,0.294
2025-04-06 19:23:25,19,107,5,1,1,0.43,0.222
2025-04-06 19:28:25,19,75,4,2,0,0.38,0.237
2025-04-06 19:33:25,19,110,5,0,1,0.44,0.218
2025-04-06 19:38:25,19,103,2,1,1,1.03,0.041
2025-04-06 19:43:25,19,118,5,0,0,0.47,0.208
2025-04-06 19:48:25,19,43,4,1,0,0.21,0.285
2025-04-06 19:53:25,19,49,5,1,1,0.2,0.291
2025-04-06 19:58:25,19,60,2,0,1,0.6,0.17
2025-04-06 20:03:25,20,112,4,0,0,0.56,0.182
2025-04-06 20:08:25,20,10,2,1,0,0.1,0.32
2025-04-06 20:13:25,20,44,2,0,0,0.44,0.218
2025-04-06 20:18:25,20,78,4,1,1,0.39,0.233
2025-04-06 20:23:25,20,67,3,1,0,0.45,0.216
2025-04-06 20:28:25,20,47,1,2,1,0.94,0.068
2025-04-06 20:33:25,20,85,1,2,0,1.7,-0.16
2025-04-06 20:38:25,20,36,3,1,0,0.24,0.278
2025-04-06 20:43:25,20,88,3,0,0,0.59,0.174
2025-04-06 20:48:25,20,110,3,0,1,0.73,0.13
2025-04-06 20:53:25,20,80,1,1,0,1.6,-0.13
2025-04-06 20:58:25,20,109,1,2,1,2.18,-0.304
2025-04-06 21:03:25,21,87,5,2,0,0.35,0.246
2025-04-06 21:08:25,21,51,4,2,1,0.26,0.274
2025-04-06 21:13:25,21,29,4,1,0,0.14,0.306
2025-04-06 21:18:25,21,116,1,1,1,2.32,-0.346
2025-04-06 21:23:25,21,110,1,1,1,2.2,-0.31
2025-04-06 21:28:25,21,98,1,0,1,1.96,-0.238
2025-04-06 21:33:25,21,103,4,1,1,0.52,0.196
2025-04-06 21:38:25,21,103,3,2,0,0.69,0.144
2025-04-06 21:43:25,21,25,5,2,0,0.1,0.32
2025-04-06 21:48:25,21,85,2,0,1,0.85,0.095
2025-04-06 21:53:25,21,86,3,2,1,0.57,0.178
2025-04-06 21:58:25,21,117,3,1,0,0.78,0.116
2025-04-06 22:03:25,22,63,2,1,0,0.63,0.161
2025-04-06 22:08:25,22,112,3,2,0,0.75,0.126
2025-04-06 22:13:25,22,52,2,0,1,0.52,0.194
2025-04-06 22:18:25,22,107,2,1,0,1.07,0.029
2025-04-06 22:23:25,22,31,3,2,0,0.21,0.288
2025-04-06 22:28:25,22,76,4,0,1,0.38,0.236
2025-04-06 22:33:25,22,47,1,2,0,0.94,0.068
2025-04-06 22:38:25,22,85,4,0,1,0.42,0.222
2025-04-06 22:43:25,22,73,2,1,0,0.73,0.131
2025-04-06 22:48:25,22,51,4,0,1,0.26,0.274
2025-04-06 22:53:25,22,27,2,2,0,0.27,0.269
2025-04-06 22:58:25,22,56,4,0,0,0.28,0.266
2025-04-06 23:03:25,23,33,3,2,1,0.22,0.284
2025-04-06 23:08:25,23,51,4,2,0,0.26,0.274
2025-04-06 23:13:25,23,110,5,0,0,0.44,0.218
2025-04-06 23:18:25,23,59,4,0,1,0.29,0.262
2025-04-06 23:23:25,23,29,4,1,1,0.14,0.306
2025-04-06 23:28:25,23,100,2,0,1,1.0,0.05
2025-04-06 23:33:25,23,104,5,2,0,0.42,0.225
2025-04-06 23:38:25,23,38,5,2,1,0.15,0.304
2025-04-06 23:43:25,23,97,4,1,1,0.48,0.205
2025-04-06 23:48:25,23,56,4,0,0,0.28,0.266
2025-04-06 23:53:25,23,119,3,1,1,0.79,0.112
2025-04-06 23:58:25,23,115,1,0,1,2.3,-0.34
2025-04-07 00:03:25,0,8,2,1,0,0.08,0.326
2025-04-07 00:08:25,0,24,3,0,1,0.16,0.302
2025-04-07 00:13:25,0,62,4,0,1,0.31,0.257
2025-04-07 00:18:25,0,38,5,1,0,0.15,0.304
2025-04-07 00:23:25,0,110,4,2,1,0.55,0.185
2025-04-07 00:28:25,0,98,3,0,0,0.65,0.154
2025-04-07 00:33:25,0,65,3,2,0,0.43,0.22
2025-04-07 00:38:25,0,36,2,2,1,0.36,0.242
2025-04-07 00:43:25,0,14,2,1,1,0.14,0.308
2025-04-07 00:48:25,0,92,1,1,0,1.84,-0.202
2025-04-07 00:53:25,0,35,3,0,0,0.23,0.28
2025-04-07 00:58:25,0,89,4,2,1,0.45,0.216
2025-04-07 01:03:25,1,115,2,2,0,1.15,0.005
2025-04-07 01:08:25,1,101,3,0,0,0.67,0.148
2025-04-07 01:13:25,1,96,5,1,0,0.38,0.235
2025-04-07 01:18:25,1,6,2,2,1,0.06,0.332
2025-04-07 01:23:25,1,79,2,2,0,0.79,0.113
2025-04-07 01:28:25,1,113,3,2,1,0.75,0.124
2025-04-07 01:33:25,1,31,1,1,1,0.62,0.164
2025-04-07 01:38:25,1,53,2,1,1,0.53,0.191
2025-04-07 01:43:25,1,88,4,0,1,0.44,0.218
2025-04-07 01:48:25,1,14,4,1,1,0.07,0.329
2025-04-07 01:53:25,1,101,5,0,1,0.4,0.229
2025-04-07 01:58:25,1,46,5,1,1,0.18,0.295
2025-04-07 02:03:25,2,113,1,1,0,2.26,-0.328
2025-04-07 02:08:25,2,31,1,1,1,0.62,0.164
2025-04-07 02:13:25,2,94,1,1,1,1.88,-0.214
2025-04-07 02:18:25,2,44,1,1,0,0.88,0.086
2025-04-07 02:23:25,2,14,1,1,1,0.28,0.266
2025-04-07 02:28:25,2,24,4,1,0,0.12,0.314
2025-04-07 02:33:25,2,55,4,1,0,0.28,0.268
2025-04-07 02:38:25,2,6,1,1,1,0.12,0.314
2025-04-07 02:43:25,2,33,4,0,1,0.17,0.3
2025-04-07 02:48:25,2,88,5,2,1,0.35,0.244
2025-04-07 02:53:25,2,25,2,1,1,0.25,0.275
2025-04-07 02:58:25,2,105,2,1,1,1.05,0.035
2025-04-07 03:03:25,3,62,4,1,1,0.31,0.257
2025-04-07 03:08:25,3,74,4,0,1,0.37,0.239
2025-04-07 03:13:25,3,26,5,0,1,0.1,0.319
2025-04-07 03:18:25,3,37,5,1,1,0.15,0.306
2025-04-07 03:23:25,3,71,5,2,1,0.28,0.265
2025-04-07 03:28:25,3,63,5,0,1,0.25,0.274
2025-04-07 03:33:25,3,119,4,0,0,0.59,0.171
2025-04-07 03:38:25,3,91,5,2,1,0.36,0.241
2025-04-07 03:43:25,3,36,4,0,0,0.18,0.296
2025-04-07 03:48:25,3,58,4,1,0,0.29,0.263
2025-04-07 03:53:25,3,113,3,2,1,0.75,0.124
2025-04-07 03:58:25,3,82,3,0,0,0.55,0.186
2025-04-07 04:03:25,4,35,3,0,1,0.23,0.28
2025-04-07 04:08:25,4,87,5,2,1,0.35,0.246
2025-04-07 04:13:25,4,39,5,0,0,0.16,0.303
2025-04-07 04:18:25,4,74,1,2,1,1.48,-0.094
2025-04-07 04:23:25,4,70,5,0,1,0.28,0.266
2025-04-07 04:28:25,4,95,1,2,0,1.9,-0.22
2025-04-07 04:33:25,4,88,4,2,1,0.44,0.218
2025-04-07 04:38:25,4,79,3,0,1,0.53,0.192
2025-04-07 04:43:25,4,94,3,1,0,0.63,0.162
2025-04-07 04:48:25,4,69,2,0,0,0.69,0.143
2025-04-07 04:53:25,4,5,1,1,0,0.1,0.32
2025-04-07 04:58:25,4,88,5,2,0,0.35,0.244
2025-04-07 05:03:25,5,7,4,2,0,0.04,0.339
2025-04-07 05:08:25,5,95,4,0,1,0.47,0.208
2025-04-07 05:13:25,5,77,4,2,1,0.39,0.234
2025-04-07 05:18:25,5,23,3,0,0,0.15,0.304
2025-04-07 05:23:25,5,17,5,0,1,0.07,0.33
2025-04-07 05:28:25,5,96,4,2,0,0.48,0.206
2025-04-07 05:33:25,5,113,3,2,1,0.75,0.124
2025-04-07 05:38:25,5,76,2,1,1,0.76,0.122
2025-04-07 05:43:25,5,119,2,2,0,1.19,-0.007
2025-04-07 05:48:25,5,81,4,0,1,0.41,0.228
2025-04-07 05:53:25,5,60,3,2,0,0.4,0.23
2025-04-07 05:58:25,5,16,3,1,1,0.11,0.318
2025-04-07 06:03:25,6,31,3,1,1,0.21,0.288
2025-04-07 06:08:25,6,47,3,1,1,0.31,0.256
2025-04-07 06:13:25,6,106,1,1,1,2.12,-0.286
2025-04-07 06:18:25,6,69,3,2,1,0.46,0.212
2025-04-07 06:23:25,6,51,3,2,0,0.34,0.248
2025-04-07 06:28:25,6,72,1,1,1,1.44,-0.082
2025-04-07 06:33:25,6,114,4,2,0,0.57,0.179
2025-04-07 06:38:25,6,41,5,0,0,0.16,0.301
2025-04-07 06:43:25,6,93,5,1,1,0.37,0.238
2025-04-07 06:48:25,6,61,4,1,1,0.3,0.259
2025-04-07 06:53:25,6,79,1,2,1,1.58,-0.124
2025-04-07 06:58:25,6,15,4,1,0,0.07,0.328
2025-04-07 07:03:25,7,91,5,2,1,0.36,0.241
2025-04-07 07:08:25,7,32,3,2,0,0.21,0.286
2025-04-07 07:13:25,7,30,1,1,0,0.6,0.17
2025-04-07 07:18:25,7,87,1,1,1,1.74,-0.172
2025-04-07 07:23:25,7,39,4,0,0,0.2,0.291
2025-04-07 07:28:25,7,84,4,0,0,0.42,0.224
2025-04-07 07:33:25,7,83,1,2,1,1.66,-0.148
2025-04-07 07:38:25,7,110,3,2,0,0.73,0.13
2025-04-07 07:43:25,7,68,4,1,1,0.34,0.248
2025-04-07 07:48:25,7,68,1,1,0,1.36,-0.058
2025-04-07 07:53:25,7,26,1,1,0,0.52,0.194
2025-04-07 07:58:25,7,45,2,1,0,0.45,0.215
2025-04-07 08:03:25,8,11,5,1,1,0.04,0.337
2025-04-07 08:08:25,8,95,4,0,0,0.47,0.208
2025-04-07 08:13:25,8,112,5,1,1,0.45,0.216
2025-04-07 08:18:25,8,21,4,2,1,0.1,0.319
2025-04-07 08:23:25,8,94,4,0,0,0.47,0.209
2025-04-07 08:28:25,8,98,2,0,0,0.98,0.056
2025-04-07 08:33:25,8,39,5,2,1,0.16,0.303
2025-04-07 08:38:25,8,54,4,2,0,0.27,0.269
2025-04-07 08:43:25,8,31,1,1,1,0.62,0.164
2025-04-07 08:48:25,8,33,3,2,0,0.22,0.284
2025-04-07 08:53:25,8,63,4,0,0,0.32,0.256
2025-04-07 08:58:25,8,43,2,2,0,0.43,0.221
2025-04-07 09:03:25,9,8,3,1,1,0.05,0.334
2025-04-07 09:08:25,9,16,4,1,1,0.08,0.326
2025-04-07 09:13:25,9,57,5,0,0,0.23,0.282
2025-04-07 09:18:25,9,62,2,2,1,0.62,0.164
2025-04-07 09:23:25,9,113,4,1,0,0.56,0.18
2025-04-07 09:28:25,9,105,2,2,1,1.05,0.035
2025-04-07 09:33:25,9,105,1,1,0,2.1,-0.28
2025-04-07 09:38:25,9,78,5,1,1,0.31,0.256
2025-04-07 09:43:25,9,31,1,1,0,0.62,0.164
2025-04-07 09:48:25,9,80,5,0,0,0.32,0.254
2025-04-07 09:53:25,9,66,5,2,1,0.26,0.271
2025-04-07 09:58:25,9,56,5,1,1,0.22,0.283
2025-04-07 10:03:25,10,7,3,1,1,0.05,0.436
2025-04-07 10:08:25,10,42,5,1,0,0.17,0.4
2025-04-07 10:13:25,10,112,3,2,1,0.75,0.226
2025-04-07 10:18:25,10,15,4,2,1,0.07,0.427
2025-04-07 10:23:25,10,72,1,1,0,1.44,0.018
2025-04-07 10:28:25,10,92,2,2,1,0.92,0.174
2025-04-07 10:33:25,10,46,1,2,0,0.92,0.174
2025-04-07 10:38:25,10,89,3,2,1,0.59,0.272
2025-04-07 10:43:25,10,43,4,2,0,0.21,0.385
2025-04-07 10:48:25,10,53,1,1,0,1.06,0.132
2025-04-07 10:53:25,10,26,5,2,0,0.1,0.419
2025-04-07 10:58:25,10,46,5,2,1,0.18,0.395
2025-04-07 11:03:25,11,43,2,2,0,0.43,0.321
2025-04-07 11:08:25,11,33,3,2,0,0.22,0.384
2025-04-07 11:13:25,11,87,2,0,0,0.87,0.189
2025-04-07 11:18:25,11,39,4,2,1,0.2,0.391
2025-04-07 11:23:25,11,81,5,2,0,0.32,0.353
2025-04-07 11:28:25,11,12,2,2,1,0.12,0.414
2025-04-07 11:33:25,11,55,5,2,0,0.22,0.384
2025-04-07 11:38:25,11,12,5,2,1,0.05,0.436
2025-04-07 11:43:25,11,13,4,1,0,0.07,0.43
2025-04-07 11:48:25,11,75,2,0,1,0.75,0.225
2025-04-07 11:53:25,11,28,1,0,1,0.56,0.282
2025-04-07 11:58:25,11,5,2,2,1,0.05,0.435
2025-04-07 12:03:25,12,114,1,0,1,2.28,-0.234
2025-04-07 12:08:25,12,16,1,0,1,0.32,0.354
2025-04-07 12:13:25,12,30,1,0,0,0.6,0.27
2025-04-07 12:18:25,12,47,5,2,0,0.19,0.394
2025-04-07 12:23:25,12,22,5,2,1,0.09,0.424
2025-04-07 12:28:25,12,32,2,2,1,0.32,0.354
2025-04-07 12:33:25,12,67,1,2,1,1.34,0.048
2025-04-07 12:38:25,12,31,1,0,1,0.62,0.264
2025-04-07 12:43:25,12,50,1,1,1,1.0,0.15
2025-04-07 12:48:25,12,71,2,1,1,0.71,0.237
2025-04-07 12:53:25,12,28,5,0,0,0.11,0.416
2025-04-07 12:58:25,12,29,4,1,1,0.14,0.406
2025-04-07 13:03:25,13,115,2,1,1,1.15,0.105
2025-04-07 13:08:25,13,49,2,2,0,0.49,0.303
2025-04-07 13:13:25,13,80,5,1,0,0.32,0.354
2025-04-07 13:18:25,13,59,3,2,0,0.39,0.332
2025-04-07 13:23:25,13,107,5,1,1,0.43,0.322
2025-04-07 13:28:25,13,18,5,0,0,0.07,0.428
2025-04-07 13:33:25,13,55,3,2,1,0.37,0.34
2025-04-07 13:38:25,13,27,3,1,1,0.18,0.396
2025-04-07 13:43:25,13,59,4,2,0,0.29,0.362
2025-04-07 13:48:25,13,23,4,2,1,0.12,0.415
2025-04-07 13:53:25,13,53,5,1,0,0.21,0.386
2025-04-07 13:58:25,13,102,3,1,0,0.68,0.246
2025-04-07 14:03:25,14,91,4,1,1,0.46,0.314
2025-04-07 14:08:25,14,20,4,2,1,0.1,0.42
2025-04-07 14:13:25,14,49,4,2,0,0.24,0.376
2025-04-07 14:18:25,14,90,5,1,1,0.36,0.342
2025-04-07 14:23:25,14,89,1,0,0,1.78,-0.084
2025-04-07 14:28:25,14,10,3,2,0,0.07,0.43
2025-04-07 14:33:25,14,111,5,2,1,0.44,0.317
2025-04-07 14:38:25,14,91,1,0,0,1.82,-0.096
2025-04-07 14:43:25,14,107,3,0,1,0.71,0.236
2025-04-07 14:48:25,14,86,3,2,1,0.57,0.278
2025-04-07 14:53:25,14,55,2,2,1,0.55,0.285
2025-04-07 14:58:25,14,52,4,2,1,0.26,0.372
2025-04-07 15:03:25,15,95,1,0,0,1.9,-0.12
2025-04-07 15:08:25,15,61,5,1,1,0.24,0.377
2025-04-07 15:13:25,15,116,5,0,0,0.46,0.311
2025-04-07 15:18:25,15,91,4,0,1,0.46,0.314
2025-04-07 15:23:25,15,96,1,0,1,1.92,-0.126
2025-04-07 15:28:25,15,29,2,1,0,0.29,0.363
2025-04-07 15:33:25,15,10,3,0,0,0.07,0.43
2025-04-07 15:38:25,15,42,5,2,1,0.17,0.4
2025-04-07 15:43:25,15,70,3,2,0,0.47,0.31
2025-04-07 15:48:25,15,103,1,2,1,2.06,-0.168
2025-04-07 15:53:25,15,68,1,0,1,1.36,0.042
2025-04-07 15:58:25,15,113,3,1,0,0.75,0.224
2025-04-07 16:03:25,16,104,1,0,0,2.08,-0.274
2025-04-07 16:08:25,16,111,2,0,1,1.11,0.017
2025-04-07 16:13:25,16,102,5,2,0,0.41,0.228
2025-04-07 16:18:25,16,87,1,1,0,1.74,-0.172
2025-04-07 16:23:25,16,77,1,1,0,1.54,-0.112
2025-04-07 16:28:25,16,101,2,2,1,1.01,0.047
2025-04-07 16:33:25,16,38,1,0,0,0.76,0.122
2025-04-07 16:38:25,16,10,5,1,1,0.04,0.338
2025-04-07 16:43:25,16,100,1,2,0,2.0,-0.25
2025-04-07 16:48:25,16,35,2,1,1,0.35,0.245
2025-04-07 16:53:25,16,22,4,0,0,0.11,0.317
2025-04-07 16:58:25,16,99,4,2,1,0.49,0.202
2025-04-07 17:03:25,17,13,5,0,1,0.05,0.334
2025-04-07 17:08:25,17,8,1,2,0,0.16,0.302
2025-04-07 17:13:25,17,56,5,2,0,0.22,0.283
2025-04-07 17:18:25,17,24,2,2,1,0.24,0.278
2025-04-07 17:23:25,17,97,5,1,0,0.39,0.234
2025-04-07 17:28:25,17,78,5,2,0,0.31,0.256
2025-04-07 17:33:25,17,12,3,2,1,0.08,0.326
2025-04-07 17:38:25,17,13,5,2,0,0.05,0.334
2025-04-07 17:43:25,17,105,5,1,0,0.42,0.224
2025-04-07 17:48:25,17,40,5,0,1,0.16,0.302
2025-04-07 17:53:25,17,77,4,2,1,0.39,0.234
2025-04-07 17:58:25,17,60,4,2,0,0.3,0.26
2025-04-07 18:03:25,18,44,5,2,0,0.18,0.297
2025-04-07 18:08:25,18,82,2,2,0,0.82,0.104
2025-04-07 18:13:25,18,99,1,2,1,1.98,-0.244
2025-04-07 18:18:25,18,24,4,2,0,0.12,0.314
2025-04-07 18:23:25,18,113,2,0,0,1.13,0.011
2025-04-07 18:28:25,18,107,4,1,0,0.54,0.19
2025-04-07 18:33:25,18,74,3,1,0,0.49,0.202
2025-04-07 18:38:25,18,86,3,1,1,0.57,0.178
2025-04-07 18:43:25,18,68,5,2,1,0.27,0.268
2025-04-07 18:48:25,18,63,4,2,1,0.32,0.256
2025-04-07 18:53:25,18,115,1,2,0,2.3,-0.34
2025-04-07 18:58:25,18,112,3,2,1,0.75,0.126
2025-04-07 19:03:25,19,53,3,1,1,0.35,0.244
2025-04-07 19:08:25,19,11,3,0,0,0.07,0.328
2025-04-07 19:13:25,19,20,3,1,1,0.13,0.31
2025-04-07 19:18:25,19,84,4,2,1,0.42,0.224
2025-04-07 19:23:25,19,21,5,0,0,0.08,0.325
2025-04-07 19:28:25,19,31,2,1,1,0.31,0.257
2025-04-07 19:33:25,19,29,2,2,1,0.29,0.263
2025-04-07 19:38:25,19,33,1,2,0,0.66,0.152
2025-04-07 19:43:25,19,50,3,1,0,0.33,0.25
2025-04-07 19:48:25,19,119,2,2,0,1.19,-0.007
2025-04-07 19:53:25,19,42,5,1,0,0.17,0.3
2025-04-07 19:58:25,19,94,5,1,1,0.38,0.237
2025-04-07 20:03:25,20,107,3,2,1,0.71,0.136
2025-04-07 20:08:25,20,116,3,2,0,0.77,0.118
2025-04-07 20:13:25,20,113,1,0,0,2.26,-0.328
2025-04-07 20:18:25,20,76,4,2,0,0.38,0.236
2025-04-07 20:23:25,20,7,5,2,0,0.03,0.342
2025-04-07 20:28:25,20,5,3,1,0,0.03,0.34
2025-04-07 20:33:25,20,48,1,2,0,0.96,0.062
2025-04-07 20:38:25,20,46,5,0,1,0.18,0.295
2025-04-07 20:43:25,20,67,4,0,0,0.34,0.249
2025-04-07 20:48:25,20,63,1,2,1,1.26,-0.028
2025-04-07 20:53:25,20,9,3,2,1,0.06,0.332
2025-04-07 20:58:25,20,103,4,1,0,0.52,0.196
2025-04-07 21:03:25,21,116,5,0,0,0.46,0.211
2025-04-07 21:08:25,21,99,1,2,1,1.98,-0.244
2025-04-07 21:13:25,21,54,2,2,0,0.54,0.188
2025-04-07 21:18:25,21,74,3,2,1,0.49,0.202
2025-04-07 21:23:25,21,40,3,1,0,0.27,0.27
2025-04-07 21:28:25,21,81,1,1,1,1.62,-0.136
2025-04-07 21:33:25,21,108,5,1,1,0.43,0.22
2025-04-07 21:38:25,21,117,5,0,1,0.47,0.21
2025-04-07 21:43:25,21,66,4,1,0,0.33,0.251
2025-04-07 21:48:25,21,97,2,1,1,0.97,0.059
2025-04-07 21:53:25,21,75,5,2,0,0.3,0.26
2025-04-07 21:58:25,21,68,5,0,1,0.27,0.268
2025-04-07 22:03:25,22,18,3,1,1,0.12,0.314
2025-04-07 22:08:25,22,85,5,1,0,0.34,0.248
2025-04-07 22:13:25,22,60,5,0,0,0.24,0.278
2025-04-07 22:18:25,22,26,3,0,1,0.17,0.298
2025-04-07 22:23:25,22,54,2,0,0,0.54,0.188
2025-04-07 22:28:25,22,21,2,2,1,0.21,0.287
2025-04-07 22:33:25,22,8,5,2,1,0.03,0.34
2025-04-07 22:38:25,22,98,1,2,0,1.96,-0.238
2025-04-07 22:43:25,22,73,5,2,0,0.29,0.262
2025-04-07 22:48:25,22,41,1,0,1,0.82,0.104
2025-04-07 22:53:25,22,61,2,0,0,0.61,0.167
2025-04-07 22:58:25,22,104,2,2,0,1.04,0.038
2025-04-07 23:03:25,23,42,3,1,0,0.28,0.266
2025-04-07 23:08:25,23,22,1,2,0,0.44,0.218
2025-04-07 23:13:25,23,5,4,0,1,0.03,0.342
2025-04-07 23:18:25,23,31,3,2,1,0.21,0.288
2025-04-07 23:23:25,23,37,4,1,0,0.18,0.294
2025-04-07 23:28:25,23,59,4,1,1,0.29,0.262
2025-04-07 23:33:25,23,84,2,2,1,0.84,0.098
2025-04-07 23:38:25,23,110,1,0,1,2.2,-0.31
2025-04-07 23:43:25,23,22,5,0,0,0.09,0.324
2025-04-07 23:48:25,23,47,5,1,0,0.19,0.294
2025-04-07 23:53:25,23,83,2,2,1,0.83,0.101
2025-04-07 23:58:25,23,119,2,1,1,1.19,-0.007
2025-04-08 00:03:25,0,72,3,2,1,0.48,0.206
2025-04-08 00:08:25,0,22,2,2,1,0.22,0.284
2025-04-08 00:13:25,0,74,2,0,1,0.74,0.128
2025-04-08 00:18:25,0,114,1,1,0,2.28,-0.334
2025-04-08 00:23:25,0,33,5,1,1,0.13,0.31
2025-04-08 00:28:25,0,13,3,2,1,0.09,0.324
2025-04-08 00:33:25,0,46,3,2,1,0.31,0.258
2025-04-08 00:38:25,0,24,3,1,1,0.16,0.302
2025-04-08 00:43:25,0,69,1,0,1,1.38,-0.064
2025-04-08 00:48:25,0,51,3,1,0,0.34,0.248
2025-04-08 00:53:25,0,61,4,2,1,0.3,0.259
2025-04-08 00:58:25,0,34,5,1,0,0.14,0.309
2025-04-08 01:03:25,1,88,5,2,0,0.35,0.244
2025-04-08 01:08:25,1,46,2,0,0,0.46,0.212
2025-04-08 01:13:25,1,34,2,2,1,0.34,0.248
2025-04-08 01:18:25,1,21,1,2,1,0.42,0.224
2025-04-08 01:23:25,1,60,3,2,0,0.4,0.23
2025-04-08 01:28:25,1,61,4,1,0,0.3,0.259
2025-04-08 01:33:25,1,118,5,0,1,0.47,0.208
2025-04-08 01:38:25,1,89,5,1,0,0.36,0.243
2025-04-08 01:43:25,1,69,3,0,0,0.46,0.212
2025-04-08 01:48:25,1,25,5,2,0,0.1,0.32
2025-04-08 01:53:25,1,58,2,0,1,0.58,0.176
2025-04-08 01:58:25,1,78,3,0,0,0.52,0.194
2025-04-08 02:03:25,2,63,4,0,0,0.32,0.256
2025-04-08 02:08:25,2,112,2,1,0,1.12,0.014
2025-04-08 02:13:25,2,72,3,1,1,0.48,0.206
2025-04-08 02:18:25,2,54,5,0,0,0.22,0.285
2025-04-08 02:23:25,2,16,1,0,1,0.32,0.254
2025-04-08 02:28:25,2,115,5,1,1,0.46,0.212
2025-04-08 02:33:25,2,87,2,1,0,0.87,0.089
2025-04-08 02:38:25,2,101,2,0,0,1.01,0.047
2025-04-08 02:43:25,2,83,4,2,1,0.41,0.225
2025-04-08 02:48:25,2,101,4,0,0,0.51,0.199
2025-04-08 02:53:25,2,68,3,0,0,0.45,0.214
2025-04-08 02:58:25,2,65,2,2,1,0.65,0.155
2025-04-08 03:03:25,3,101,5,1,0,0.4,0.229
2025-04-08 03:08:25,3,83,3,2,0,0.55,0.184
2025-04-08 03:13:25,3,38,1,0,0,0.76,0.122
2025-04-08 03:18:25,3,27,3,1,1,0.18,0.296
2025-04-08 03:23:25,3,35,2,2,0,0.35,0.245
2025-04-08 03:28:25,3,109,1,0,1,2.18,-0.304
2025-04-08 03:33:25,3,56,2,2,1,0.56,0.182
2025-04-08 03:38:25,3,102,4,0,1,0.51,0.197
2025-04-08 03:43:25,3,64,1,0,1,1.28,-0.034
2025-04-08 03:48:25,3,119,2,2,1,1.19,-0.007
2025-04-08 03:53:25,3,80,1,2,1,1.6,-0.13
2025-04-08 03:58:25,3,31,4,0,1,0.15,0.303
2025-04-08 04:03:25,4,114,3,1,1,0.76,0.122
2025-04-08 04:08:25,4,6,4,1,0,0.03,0.341
2025-04-08 04:13:25,4,17,1,2,1,0.34,0.248
2025-04-08 04:18:25,4,26,2,0,0,0.26,0.272
2025-04-08 04:23:25,4,78,1,0,1,1.56,-0.118
2025-04-08 04:28:25,4,47,5,1,0,0.19,0.294
2025-04-08 04:33:25,4,49,1,0,1,0.98,0.056
2025-04-08 04:38:25,4,105,1,1,1,2.1,-0.28
2025-04-08 04:43:25,4,66,1,0,0,1.32,-0.046
2025-04-08 04:48:25,4,54,2,2,0,0.54,0.188
2025-04-08 04:53:25,4,25,2,2,0,0.25,0.275
2025-04-08 04:58:25,4,28,2,0,0,0.28,0.266
2025-04-08 05:03:25,5,22,2,0,0,0.22,0.284
2025-04-08 05:08:25,5,86,1,0,1,1.72,-0.166
2025-04-08 05:13:25,5,53,5,2,1,0.21,0.286
2025-04-08 05:18:25,5,86,3,2,0,0.57,0.178
2025-04-08 05:23:25,5,112,1,0,0,2.24,-0.322
2025-04-08 05:28:25,5,31,4,0,0,0.15,0.303
2025-04-08 05:33:25,5,23,2,1,0,0.23,0.281
2025-04-08 05:38:25,5,30,2,1,1,0.3,0.26
2025-04-08 05:43:25,5,53,2,0,0,0.53,0.191
2025-04-08 05:48:25,5,70,1,1,0,1.4,-0.07
2025-04-08 05:53:25,5,21,4,0,1,0.1,0.319
2025-04-08 05:58:25,5,53,3,2,0,0.35,0.244
2025-04-08 06:03:25,6,59,2,2,1,0.59,0.173
2025-04-08 06:08:25,6,56,4,0,1,0.28,0.266
2025-04-08 06:13:25,6,11,4,0,1,0.06,0.333
2025-04-08 06:18:25,6,66,1,0,0,1.32,-0.046
2025-04-08 06:23:25,6,14,2,0,0,0.14,0.308
2025-04-08 06:28:25,6,96,4,2,0,0.48,0.206
2025-04-08 06:33:25,6,82,3,1,1,0.55,0.186
2025-04-08 06:38:25,6,82,1,1,0,1.64,-0.142
2025-04-08 06:43:25,6,49,4,2,0,0.24,0.276
2025-04-08 06:48:25,6,56,4,0,1,0.28,0.266
2025-04-08 06:53:25,6,79,2,1,1,0.79,0.113
2025-04-08 06:58:25,6,34,1,1,1,0.68,0.146
2025-04-08 07:03:25,7,37,5,1,1,0.15,0.306
2025-04-08 07:08:25,7,102,4,1,0,0.51,0.197
2025-04-08 07:13:25,7,32,4,1,1,0.16,0.302
2025-04-08 07:18:25,7,77,5,2,0,0.31,0.258
2025-04-08 07:23:25,7,52,4,1,1,0.26,0.272
2025-04-08 07:28:25,7,24,3,1,0,0.16,0.302
2025-04-08 07:33:25,7,59,4,1,1,0.29,0.262
2025-04-08 07:38:25,7,104,3,1,1,0.69,0.142
2025-04-08 07:43:25,7,114,5,1,1,0.46,0.213
2025-04-08 07:48:25,7,16,4,2,1,0.08,0.326
2025-04-08 07:53:25,7,98,5,2,1,0.39,0.232
2025-04-08 07:58:25,7,75,3,1,1,0.5,0.2
2025-04-08 08:03:25,8,31,5,2,0,0.12,0.313
2025-04-08 08:08:25,8,52,3,0,0,0.35,0.246
2025-04-08 08:13:25,8,19,3,1,0,0.13,0.312
2025-04-08 08:18:25,8,27,5,0,0,0.11,0.318
2025-04-08 08:23:25,8,19,3,0,1,0.13,0.312
2025-04-08 08:28:25,8,21,2,0,1,0.21,0.287
2025-04-08 08:33:25,8,25,1,2,1,0.5,0.2
2025-04-08 08:38:25,8,76,2,0,0,0.76,0.122
2025-04-08 08:43:25,8,18,2,1,1,0.18,0.296
2025-04-08 08:48:25,8,114,2,0,1,1.14,0.008
2025-04-08 08:53:25,8,21,1,2,1,0.42,0.224
2025-04-08 08:58:25,8,99,3,0,1,0.66,0.152
2025-04-08 09:03:25,9,107,4,1,0,0.54,0.19
2025-04-08 09:08:25,9,102,2,0,1,1.02,0.044
2025-04-08 09:13:25,9,8,2,0,0,0.08,0.326
2025-04-08 09:18:25,9,6,4,0,1,0.03,0.341
2025-04-08 09:23:25,9,102,5,2,0,0.41,0.228
2025-04-08 09:28:25,9,67,1,2,1,1.34,-0.052
2025-04-08 09:33:25,9,77,2,1,0,0.77,0.119
2025-04-08 09:38:25,9,57,4,1,0,0.28,0.265
2025-04-08 09:43:25,9,88,4,0,1,0.44,0.218
2025-04-08 09:48:25,9,80,5,1,1,0.32,0.254
2025-04-08 09:53:25,9,58,2,0,1,0.58,0.176
2025-04-08 09:58:25,9,25,4,1,1,0.12,0.312
2025-04-08 10:03:25,10,43,4,2,0,0.21,0.385
2025-04-08 10:08:25,10,13,1,1,1,0.26,0.372
2025-04-08 10:13:25,10,42,5,1,1,0.17,0.4
2025-04-08 10:18:25,10,78,2,1,0,0.78,0.216
2025-04-08 10:23:25,10,55,2,1,1,0.55,0.285
2025-04-08 10:28:25,10,55,2,0,1,0.55,0.285
2025-04-08 10:33:25,10,74,5,0,1,0.3,0.361
2025-04-08 10:38:25,10,43,1,2,1,0.86,0.192
2025-04-08 10:43:25,10,60,4,0,1,0.3,0.36
2025-04-08 10:48:25,10,100,4,1,0,0.5,0.3
2025-04-08 10:53:25,10,78,1,1,1,1.56,-0.018
2025-04-08 10:58:25,10,110,2,0,0,1.1,0.12
2025-04-08 11:03:25,11,27,2,0,1,0.27,0.369
2025-04-08 11:08:25,11,108,5,2,1,0.43,0.32
2025-04-08 11:13:25,11,75,1,0,1,1.5,0.0
2025-04-08 11:18:25,11,22,1,0,1,0.44,0.318
2025-04-08 11:23:25,11,88,3,2,1,0.59,0.274
2025-04-08 11:28:25,11,22,5,1,1,0.09,0.424
2025-04-08 11:33:25,11,57,2,2,1,0.57,0.279
2025-04-08 11:38:25,11,53,3,1,1,0.35,0.344
2025-04-08 11:43:25,11,94,4,0,0,0.47,0.309
2025-04-08 11:48:25,11,17,1,1,0,0.34,0.348
2025-04-08 11:53:25,11,86,5,1,0,0.34,0.347
2025-04-08 11:58:25,11,62,3,1,1,0.41,0.326
2025-04-08 12:03:25,12,69,4,1,0,0.34,0.347
2025-04-08 12:08:25,12,12,2,0,1,0.12,0.414
2025-04-08 12:13:25,12,9,2,1,1,0.09,0.423
2025-04-08 12:18:25,12,17,3,0,0,0.11,0.416
2025-04-08 12:23:25,12,94,3,1,1,0.63,0.262
2025-04-08 12:28:25,12,80,2,2,1,0.8,0.21
2025-04-08 12:33:25,12,32,2,0,0,0.32,0.354
2025-04-08 12:38:25,12,90,4,1,0,0.45,0.315
2025-04-08 12:43:25,12,105,2,1,1,1.05,0.135
2025-04-08 12:48:25,12,80,4,0,1,0.4,0.33
2025-04-08 12:53:25,12,19,5,0,0,0.08,0.427
2025-04-08 12:58:25,12,79,2,0,0,0.79,0.213
2025-04-08 13:03:25,13,57,2,2,1,0.57,0.279
2025-04-08 13:08:25,13,11,4,2,0,0.06,0.433
2025-04-08 13:13:25,13,19,4,0,1,0.1,0.421
2025-04-08 13:18:25,13,69,4,2,1,0.34,0.347
2025-04-08 13:23:25,13,30,5,0,0,0.12,0.414
2025-04-08 13:28:25,13,97,5,0,0,0.39,0.334
2025-04-08 13:33:25,13,117,3,2,1,0.78,0.216
2025-04-08 13:38:25,13,81,3,1,0,0.54,0.288
2025-04-08 13:43:25,13,72,5,1,0,0.29,0.364
2025-04-08 13:48:25,13,48,4,1,0,0.24,0.378
2025-04-08 13:53:25,13,116,1,0,1,2.32,-0.246
2025-04-08 13:58:25,13,73,4,1,1,0.36,0.341
2025-04-08 14:03:25,14,60,3,0,1,0.4,0.33
2025-04-08 14:08:25,14,114,2,0,0,1.14,0.108
2025-04-08 14:13:25,14,110,5,1,1,0.44,0.318
2025-04-08 14:18:25,14,79,2,1,1,0.79,0.213
2025-04-08 14:23:25,14,57,1,2,1,1.14,0.108
2025-04-08 14:28:25,14,109,5,2,1,0.44,0.319
2025-04-08 14:33:25,14,47,1,2,1,0.94,0.168
2025-04-08 14:38:25,14,19,5,0,0,0.08,0.427
2025-04-08 14:43:25,14,58,3,1,1,0.39,0.334
2025-04-08 14:48:25,14,8,2,0,0,0.08,0.426
2025-04-08 14:53:25,14,80,2,0,0,0.8,0.21
2025-04-08 14:58:25,14,13,5,0,1,0.05,0.434
2025-04-08 15:03:25,15,47,3,1,0,0.31,0.356
2025-04-08 15:08:25,15,102,1,1,1,2.04,-0.162
2025-04-08 15:13:25,15,97,1,2,0,1.94,-0.132
2025-04-08 15:18:25,15,54,4,1,1,0.27,0.369
2025-04-08 15:23:25,15,80,4,0,1,0.4,0.33
2025-04-08 15:28:25,15,110,1,2,1,2.2,-0.21
2025-04-08 15:33:25,15,94,1,2,0,1.88,-0.114
2025-04-08 15:38:25,15,92,3,1,1,0.61,0.266
2025-04-08 15:43:25,15,43,2,0,1,0.43,0.321
2025-04-08 15:48:25,15,42,4,0,0,0.21,0.387
2025-04-08 15:53:25,15,77,4,2,0,0.39,0.335
2025-04-08 15:58:25,15,6,1,2,1,0.12,0.414
2025-04-08 16:03:25,16,99,3,2,1,0.66,0.152
2025-04-08 16:08:25,16,59,1,1,1,1.18,-0.004
2025-04-08 16:13:25,16,61,5,2,0,0.24,0.277
2025-04-08 16:18:25,16,72,4,1,1,0.36,0.242
2025-04-08 16:23:25,16,71,1,1,1,1.42,-0.076
2025-04-08 16:28:25,16,118,4,0,1,0.59,0.173
2025-04-08 16:33:25,16,59,5,2,1,0.24,0.279
2025-04-08 16:38:25,16,35,2,2,1,0.35,0.245
2025-04-08 16:43:25,16,57,4,2,0,0.28,0.265
2025-04-08 16:48:25,16,32,5,0,0,0.13,0.312
2025-04-08 16:53:25,16,21,2,0,0,0.21,0.287
2025-04-08 16:58:25,16,23,5,1,1,0.09,0.322
2025-04-08 17:03:25,17,66,4,2,0,0.33,0.251
2025-04-08 17:08:25,17,48,1,0,1,0.96,0.062
2025-04-08 17:13:25,17,38,2,0,0,0.38,0.236
2025-04-08 17:18:25,17,14,2,0,0,0.14,0.308
2025-04-08 17:23:25,17,107,5,1,1,0.43,0.222
2025-04-08 17:28:25,17,14,3,2,0,0.09,0.322
2025-04-08 17:33:25,17,12,1,0,0,0.24,0.278
2025-04-08 17:38:25,17,82,5,1,0,0.33,0.252
2025-04-08 17:43:25,17,53,1,0,0,1.06,0.032
2025-04-08 17:48:25,17,62,1,1,0,1.24,-0.022
2025-04-08 17:53:25,17,56,5,1,0,0.22,0.283
2025-04-08 17:58:25,17,67,3,1,0,0.45,0.216
2025-04-08 18:03:25,18,17,1,1,0,0.34,0.248
2025-04-08 18:08:25,18,47,1,1,1,0.94,0.068
2025-04-08 18:13:25,18,14,1,0,0,0.28,0.266
2025-04-08 18:18:25,18,62,3,0,1,0.41,0.226
2025-04-08 18:23:25,18,84,4,1,1,0.42,0.224
2025-04-08 18:28:25,18,29,4,0,1,0.14,0.306
2025-04-08 18:33:25,18,25,2,2,1,0.25,0.275
2025-04-08 18:38:25,18,61,5,2,1,0.24,0.277
2025-04-08 18:43:25,18,101,1,0,0,2.02,-0.256
2025-04-08 18:48:25,18,46,5,2,0,0.18,0.295
2025-04-08 18:53:25,18,44,3,0,0,0.29,0.262
2025-04-08 18:58:25,18,113,5,2,1,0.45,0.214
2025-04-08 19:03:25,19,56,4,0,1,0.28,0.266
2025-04-08 19:08:25,19,89,3,0,0,0.59,0.172
2025-04-08 19:13:25,19,117,1,0,0,2.34,-0.352
2025-04-08 19:18:25,19,70,3,2,1,0.47,0.21
2025-04-08 19:23:25,19,11,2,1,0,0.11,0.317
2025-04-08 19:28:25,19,24,1,0,0,0.48,0.206
2025-04-08 19:33:25,19,51,2,2,1,0.51,0.197
2025-04-08 19:38:25,19,104,3,0,0,0.69,0.142
2025-04-08 19:43:25,19,43,2,0,1,0.43,0.221
2025-04-08 19:48:25,19,75,1,2,1,1.5,-0.1
2025-04-08 19:53:25,19,44,5,1,0,0.18,0.297
2025-04-08 19:58:25,19,73,4,0,0,0.36,0.24
2025-04-08 20:03:25,20,72,3,1,0,0.48,0.206
2025-04-08 20:08:25,20,22,2,0,0,0.22,0.284
2025-04-08 20:13:25,20,16,2,0,1,0.16,0.302
2025-04-08 20:18:25,20,92,3,2,0,0.61,0.166
2025-04-08 20:23:25,20,85,1,2,1,1.7,-0.16
2025-04-08 20:28:25,20,13,4,0,0,0.07,0.331
2025-04-08 20:33:25,20,90,3,2,0,0.6,0.17
2025-04-08 20:38:25,20,80,4,0,0,0.4,0.23
2025-04-08 20:43:25,20,53,5,0,1,0.21,0.286
2025-04-08 20:48:25,20,51,3,2,1,0.34,0.248
2025-04-08 20:53:25,20,66,4,1,1,0.33,0.251
2025-04-08 20:58:25,20,116,3,1,0,0.77,0.118
2025-04-08 21:03:25,21,43,1,0,1,0.86,0.092
2025-04-08 21:08:25,21,48,2,2,1,0.48,0.206
2025-04-08 21:13:25,21,22,4,1,0,0.11,0.317
2025-04-08 21:18:25,21,13,3,0,1,0.09,0.324
2025-04-08 21:23:25,21,76,3,2,1,0.51,0.198
2025-04-08 21:28:25,21,9,4,1,1,0.04,0.336
2025-04-08 21:33:25,21,43,4,0,1,0.21,0.285
2025-04-08 21:38:25,21,80,2,2,1,0.8,0.11
2025-04-08 21:43:25,21,26,4,0,1,0.13,0.311
2025-04-08 21:48:25,21,59,4,2,1,0.29,0.262
2025-04-08 21:53:25,21,93,1,2,0,1.86,-0.208
2025-04-08 21:58:25,21,99,4,1,0,0.49,0.202
2025-04-08 22:03:25,22,112,2,1,1,1.12,0.014
2025-04-08 22:08:25,22,16,2,1,1,0.16,0.302
2025-04-08 22:13:25,22,83,4,1,0,0.41,0.225
2025-04-08 22:18:25,22,72,1,2,0,1.44,-0.082
2025-04-08 22:23:25,22,107,2,1,1,1.07,0.029
2025-04-08 22:28:25,22,106,5,1,0,0.42,0.223
2025-04-08 22:33:25,22,38,4,2,1,0.19,0.293
2025-04-08 22:38:25,22,74,2,0,1,0.74,0.128
2025-04-08 22:43:25,22,36,3,2,1,0.24,0.278
2025-04-08 22:48:25,22,90,2,2,0,0.9,0.08
2025-04-08 22:53:25,22,80,5,0,0,0.32,0.254
2025-04-08 22:58:25,22,17,2,1,0,0.17,0.299
2025-04-08 23:03:25,23,92,1,1,0,1.84,-0.202
2025-04-08 23:08:25,23,73,2,0,0,0.73,0.131
2025-04-08 23:13:25,23,81,3,0,1,0.54,0.188
2025-04-08 23:18:25,23,106,4,2,0,0.53,0.191
2025-04-08 23:23:25,23,7,4,0,0,0.04,0.339
2025-04-08 23:28:25,23,44,3,2,1,0.29,0.262
2025-04-08 23:33:25,23,112,1,0,1,2.24,-0.322
2025-04-08 23:38:25,23,50,5,2,1,0.2,0.29
2025-04-08 23:43:25,23,21,4,0,0,0.1,0.319
2025-04-08 23:48:25,23,85,1,1,0,1.7,-0.16
2025-04-08 23:53:25,23,81,4,1,1,0.41,0.228
2025-04-08 23:58:25,23,96,3,2,1,0.64,0.158
2025-04-09 00:03:25,0,26,3,2,0,0.17,0.298
2025-04-09 00:08:25,0,103,4,1,1,0.52,0.196
2025-04-09 00:13:25,0,92,5,2,0,0.37,0.24
2025-04-09 00:18:25,0,17,1,0,0,0.34,0.248
2025-04-09 00:23:25,0,113,4,0,1,0.56,0.18
2025-04-09 00:28:25,0,78,1,0,1,1.56,-0.118
2025-04-09 00:33:25,0,84,5,2,0,0.34,0.249
2025-04-09 00:38:25,0,9,2,2,1,0.09,0.323
2025-04-09 00:43:25,0,75,5,1,1,0.3,0.26
2025-04-09 00:48:25,0,38,3,2,0,0.25,0.274
2025-04-09 00:53:25,0,113,5,1,1,0.45,0.214
2025-04-09 00:58:25,0,45,4,0,1,0.23,0.282
2025-04-09 01:03:25,1,54,1,2,0,1.08,0.026
2025-04-09 01:08:25,1,21,5,2,1,0.08,0.325
2025-04-09 01:13:25,1,27,3,1,1,0.18,0.296
2025-04-09 01:18:25,1,42,2,1,1,0.42,0.224
2025-04-09 01:23:25,1,93,4,0,0,0.47,0.21
2025-04-09 01:28:25,1,76,5,0,1,0.3,0.259
2025-04-09 01:33:25,1,37,2,2,0,0.37,0.239
2025-04-09 01:38:25,1,107,2,1,1,1.07,0.029
2025-04-09 01:43:25,1,41,3,2,1,0.27,0.268
2025-04-09 01:48:25,1,14,2,2,1,0.14,0.308
2025-04-09 01:53:25,1,48,2,2,0,0.48,0.206
2025-04-09 01:58:25,1,20,3,1,1,0.13,0.31
2025-04-09 02:03:25,2,6,5,0,1,0.02,0.343
2025-04-09 02:08:25,2,63,5,2,1,0.25,0.274
2025-04-09 02:13:25,2,57,5,0,0,0.23,0.282
2025-04-09 02:18:25,2,98,2,0,0,0.98,0.056
2025-04-09 02:23:25,2,30,2,2,0,0.3,0.26
2025-04-09 02:28:25,2,63,5,2,1,0.25,0.274
2025-04-09 02:33:25,2,102,5,2,1,0.41,0.228
2025-04-09 02:38:25,2,30,3,0,1,0.2,0.29
2025-04-09 02:43:25,2,97,5,1,0,0.39,0.234
2025-04-09 02:48:25,2,43,4,1,0,0.21,0.285
2025-04-09 02:53:25,2,68,5,2,0,0.27,0.268
2025-04-09 02:58:25,2,106,2,2,0,1.06,0.032
2025-04-09 03:03:25,3,101,5,2,0,0.4,0.229
2025-04-09 03:08:25,3,106,2,2,1,1.06,0.032
2025-04-09 03:13:25,3,79,2,2,0,0.79,0.113
2025-04-09 03:18:25,3,67,3,2,0,0.45,0.216
2025-04-09 03:23:25,3,32,1,0,0,0.64,0.158
2025-04-09 03:28:25,3,106,4,2,0,0.53,0.191
2025-04-09 03:33:25,3,55,2,1,1,0.55,0.185
2025-04-09 03:38:25,3,112,5,1,0,0.45,0.216
2025-04-09 03:43:25,3,13,2,1,1,0.13,0.311
2025-04-09 03:48:25,3,106,5,2,1,0.42,0.223
2025-04-09 03:53:25,3,118,4,1,0,0.59,0.173
2025-04-09 03:58:25,3,53,1,2,1,1.06,0.032
2025-04-09 04:03:25,4,9,2,0,0,0.09,0.323
2025-04-09 04:08:25,4,113,2,1,0,1.13,0.011
2025-04-09 04:13:25,4,112,2,0,1,1.12,0.014
2025-04-09 04:18:25,4,19,3,0,1,0.13,0.312
2025-04-09 04:23:25,4,41,3,2,0,0.27,0.268
2025-04-09 04:28:25,4,17,3,0,1,0.11,0.316
2025-04-09 04:33:25,4,58,3,1,1,0.39,0.234
2025-04-09 04:38:25,4,62,3,1,1,0.41,0.226
2025-04-09 04:43:25,4,93,3,0,0,0.62,0.164
2025-04-09 04:48:25,4,75,5,2,1,0.3,0.26
2025-04-09 04:53:25,4,67,5,1,1,0.27,0.27
2025-04-09 04:58:25,4,35,2,0,0,0.35,0.245
2025-04-09 05:03:25,5,116,1,2,1,2.32,-0.346
2025-04-09 05:08:25,5,30,2,0,1,0.3,0.26
2025-04-09 05:13:25,5,84,4,0,1,0.42,0.224
2025-04-09 05:18:25,5,41,1,0,1,0.82,0.104
2025-04-09 05:23:25,5,106,4,1,0,0.53,0.191
2025-04-09 05:28:25,5,18,5,0,0,0.07,0.328
2025-04-09 05:33:25,5,77,1,2,0,1.54,-0.112
2025-04-09 05:38:25,5,92,5,1,0,0.37,0.24
2025-04-09 05:43:25,5,55,1,2,1,1.1,0.02
2025-04-09 05:48:25,5,96,5,0,1,0.38,0.235
2025-04-09 05:53:25,5,11,2,0,0,0.11,0.317
2025-04-09 05:58:25,5,62,2,0,0,0.62,0.164
2025-04-09 06:03:25,6,31,1,2,1,0.62,0.164
2025-04-09 06:08:25,6,46,4,0,1,0.23,0.281
2025-04-09 06:13:25,6,71,5,1,1,0.28,0.265
2025-04-09 06:18:25,6,57,2,1,1,0.57,0.179
2025-04-09 06:23:25,6,86,2,1,0,0.86,0.092
2025-04-09 06:28:25,6,24,4,0,0,0.12,0.314
2025-04-09 06:33:25,6,85,3,0,0,0.57,0.18
2025-04-09 06:38:25,6,113,1,2,0,2.26,-0.328
2025-04-09 06:43:25,6,50,3,1,1,0.33,0.25
2025-04-09 06:48:25,6,112,5,1,0,0.45,0.216
2025-04-09 06:53:25,6,69,2,2,1,0.69,0.143
2025-04-09 06:58:25,6,32,4,2,0,0.16,0.302
2025-04-09 07:03:25,7,119,1,1,0,2.38,-0.364
2025-04-09 07:08:25,7,69,2,2,1,0.69,0.143
2025-04-09 07:13:25,7,47,5,2,0,0.19,0.294
2025-04-09 07:18:25,7,14,3,1,1,0.09,0.322
2025-04-09 07:23:25,7,107,1,1,1,2.14,-0.292
2025-04-09 07:28:25,7,91,3,2,0,0.61,0.168
2025-04-09 07:33:25,7,80,1,1,0,1.6,-0.13
2025-04-09 07:38:25,7,105,2,0,0,1.05,0.035
2025-04-09 07:43:25,7,75,4,1,0,0.38,0.237
2025-04-09 07:48:25,7,40,4,0,0,0.2,0.29
2025-04-09 07:53:25,7,64,3,1,1,0.43,0.222
2025-04-09 07:58:25,7,40,1,2,0,0.8,0.11
2025-04-09 08:03:25,8,84,2,2,0,0.84,0.098
2025-04-09 08:08:25,8,73,3,1,1,0.49,0.204
2025-04-09 08:13:25,8,111,5,0,0,0.44,0.217
2025-04-09 08:18:25,8,104,4,0,1,0.52,0.194
2025-04-09 08:23:25,8,54,1,1,1,1.08,0.026
2025-04-09 08:28:25,8,70,5,2,0,0.28,0.266
2025-04-09 08:33:25,8,43,5,1,1,0.17,0.298
2025-04-09 08:38:25,8,89,1,2,0,1.78,-0.184
2025-04-09 08:43:25,8,77,1,0,1,1.54,-0.112
2025-04-09 08:48:25,8,52,3,0,0,0.35,0.246
2025-04-09 08:53:25,8,62,2,2,0,0.62,0.164
2025-04-09 08:58:25,8,88,2,2,0,0.88,0.086
2025-04-09 09:03:25,9,87,3,0,1,0.58,0.176
2025-04-09 09:08:25,9,20,4,0,0,0.1,0.32
2025-04-09 09:13:25,9,18,4,2,0,0.09,0.323
2025-04-09 09:18:25,9,85,2,1,1,0.85,0.095
2025-04-09 09:23:25,9,78,3,0,0,0.52,0.194
2025-04-09 09:28:25,9,49,2,0,0,0.49,0.203
2025-04-09 09:33:25,9,37,4,1,0,0.18,0.294
2025-04-09 09:38:25,9,66,1,0,0,1.32,-0.046
2025-04-09 09:43:25,9,118,1,2,1,2.36,-0.358
2025-04-09 09:48:25,9,46,5,2,0,0.18,0.295
2025-04-09 09:53:25,9,8,2,1,0,0.08,0.326
2025-04-09 09:58:25,9,53,4,2,1,0.27,0.271
2025-04-09 10:03:25,10,79,3,2,1,0.53,0.292
2025-04-09 10:08:25,10,66,2,1,0,0.66,0.252
2025-04-09 10:13:25,10,110,2,1,0,1.1,0.12
2025-04-09 10:18:25,10,24,2,0,0,0.24,0.378
2025-04-09 10:23:25,10,106,5,2,1,0.42,0.323
2025-04-09 10:28:25,10,101,4,0,1,0.51,0.298
2025-04-09 10:33:25,10,48,2,0,1,0.48,0.306
2025-04-09 10:38:25,10,73,5,0,1,0.29,0.362
2025-04-09 10:43:25,10,36,1,1,0,0.72,0.234
2025-04-09 10:48:25,10,34,2,0,0,0.34,0.348
2025-04-09 10:53:25,10,94,1,0,1,1.88,-0.114
2025-04-09 10:58:25,10,13,2,1,1,0.13,0.411
2025-04-09 11:03:25,11,7,4,0,0,0.04,0.44
2025-04-09 11:08:25,11,17,4,2,0,0.09,0.424
2025-04-09 11:13:25,11,91,1,1,0,1.82,-0.096
2025-04-09 11:18:25,11,45,4,2,1,0.23,0.382
2025-04-09 11:23:25,11,51,2,1,0,0.51,0.297
2025-04-09 11:28:25,11,114,5,1,1,0.46,0.313
2025-04-09 11:33:25,11,48,2,2,0,0.48,0.306
2025-04-09 11:38:25,11,93,2,0,1,0.93,0.171
2025-04-09 11:43:25,11,75,3,0,0,0.5,0.3
2025-04-09 11:48:25,11,30,1,1,1,0.6,0.27
2025-04-09 11:53:25,11,57,3,1,0,0.38,0.336
2025-04-09 11:58:25,11,46,4,0,1,0.23,0.381
2025-04-09 12:03:25,12,70,3,2,1,0.47,0.31
2025-04-09 12:08:25,12,94,2,0,1,0.94,0.168
2025-04-09 12:13:25,12,108,4,1,1,0.54,0.288
2025-04-09 12:18:25,12,26,5,2,1,0.1,0.419
2025-04-09 12:23:25,12,118,3,2,0,0.79,0.214
2025-04-09 12:28:25,12,34,2,0,0,0.34,0.348
2025-04-09 12:33:25,12,77,3,0,0,0.51,0.296
2025-04-09 12:38:25,12,9,3,2,1,0.06,0.432
2025-04-09 12:43:25,12,76,3,2,0,0.51,0.298
2025-04-09 12:48:25,12,44,2,2,1,0.44,0.318
2025-04-09 12:53:25,12,87,2,1,0,0.87,0.189
2025-04-09 12:58:25,12,43,4,0,0,0.21,0.385
2025-04-09 13:03:25,13,87,5,2,0,0.35,0.346
2025-04-09 13:08:25,13,115,2,0,1,1.15,0.105
2025-04-09 13:13:25,13,96,5,0,0,0.38,0.335
2025-04-09 13:18:25,13,30,5,1,0,0.12,0.414
2025-04-09 13:23:25,13,17,4,0,0,0.09,0.424
2025-04-09 13:28:25,13,27,1,2,1,0.54,0.288
2025-04-09 13:33:25,13,118,5,1,1,0.47,0.308
2025-04-09 13:38:25,13,20,5,2,0,0.08,0.426
2025-04-09 13:43:25,13,30,1,0,1,0.6,0.27
2025-04-09 13:48:25,13,6,1,1,1,0.12,0.414
2025-04-09 13:53:25,13,54,2,1,0,0.54,0.288
2025-04-09 13:58:25,13,45,4,1,0,0.23,0.382
2025-04-09 14:03:25,14,66,5,1,1,0.26,0.371
2025-04-09 14:08:25,14,82,2,2,1,0.82,0.204
2025-04-09 14:13:25,14,103,3,2,1,0.69,0.244
2025-04-09 14:18:25,14,75,2,0,0,0.75,0.225
2025-04-09 14:23:25,14,89,1,1,0,1.78,-0.084
2025-04-09 14:28:25,14,59,3,0,0,0.39,0.332
2025-04-09 14:33:25,14,56,2,0,0,0.56,0.282
2025-04-09 14:38:25,14,102,3,1,1,0.68,0.246
2025-04-09 14:43:25,14,39,3,2,1,0.26,0.372
2025-04-09 14:48:25,14,63,1,2,0,1.26,0.072
2025-04-09 14:53:25,14,86,1,0,0,1.72,-0.066
